<?xml version="1.0" encoding="UTF-8"?>
<!DOCTYPE html PUBLIC "-//W3C//DTD XHTML 1.0 Transitional//EN"
    "http://www.w3.org/TR/xhtml1/DTD/xhtml1-transitional.dtd">
<html xmlns="http://www.w3.org/1999/xhtml" xml:lang="en" lang="en">
 <head>
  <title>
</title>
<meta http-equiv="Content-Type" content="text/html;charset=utf-8" />
  <meta name='ocr-system' content='tesseract 3.04.00' />
  <meta name='ocr-capabilities' content='ocr_page ocr_carea ocr_par ocr_line ocrx_word'/>
</head>
<body>
  <div class='ocr_page' id='page_1' title='image "adelphoeofterenc00tereuoft_0042.png"; bbox 0 0 2132 3120; ppageno 0'>
   <div class='ocr_carea' id='block_1_1' title="bbox 266 149 1922 208">
    <p class='ocr_par' dir='ltr' id='par_1_1' title="bbox 266 149 1922 208">
     <span class='ocr_line' id='line_1_1' title="bbox 266 149 1922 208; baseline 0.002 -14"><span class='ocrx_word' id='word_1_1' title='bbox 266 149 333 202; x_wconf 86' lang='lat'>30</span> <span class='ocrx_word' id='word_1_2' title='bbox 975 156 1218 196; x_wconf 80' lang='lat' dir='ltr'>TERENTI</span> <span class='ocrx_word' id='word_1_3' title='bbox 1624 155 1715 208; x_wconf 89' lang='lat'>[111.</span> <span class='ocrx_word' id='word_1_4' title='bbox 1733 160 1770 197; x_wconf 90' lang='lat'>3.</span> <span class='ocrx_word' id='word_1_5' title='bbox 1790 158 1922 198; x_wconf 86' lang='lat'><strong>11-31.</strong></span> 
     </span>
    </p>
   </div>
   <div class='ocr_carea' id='block_1_2' title="bbox 257 300 1927 2535">
    <p class='ocr_par' dir='ltr' id='par_1_2' title="bbox 263 300 1925 363">
     <span class='ocr_line' id='line_1_2' title="bbox 263 300 1925 363; baseline -0.001 -14"><span class='ocrx_word' id='word_1_6' title='bbox 263 302 373 358; x_wconf 79' lang='lat' dir='ltr'>Quo</span> <span class='ocrx_word' id='word_1_7' title='bbox 398 301 549 363; x_wconf 74' lang='lat' dir='ltr'>pacto</span> <span class='ocrx_word' id='word_1_8' title='bbox 572 300 800 361; x_wconf 85' lang='lat' dir='ltr'>haberet,</span> <span class='ocrx_word' id='word_1_9' title='bbox 828 301 1124 348; x_wconf 77' lang='lat' dir='ltr'>enarramus</span> <span class='ocrx_word' id='word_1_10' title='bbox 1149 300 1356 348; x_wconf 79' lang='lat' dir='ltr'>ordine:</span> <span class='ocrx_word' id='word_1_11' title='bbox 1853 311 1925 348; x_wconf 83' lang='lat'>365</span> 
     </span>
    </p>

    <p class='ocr_par' dir='ltr' id='par_1_3' title="bbox 262 379 1839 446">
     <span class='ocr_line' id='line_1_3' title="bbox 262 379 1839 446; baseline 0.001 -18"><span class='ocrx_word' id='word_1_12' title='bbox 262 381 355 428; x_wconf 86' lang='lat' dir='ltr'>Nil</span> <span class='ocrx_word' id='word_1_13' title='bbox 381 380 657 443; x_wconf 80' lang='lat' dir='ltr'>quicquam</span> <span class='ocrx_word' id='word_1_14' title='bbox 681 380 793 428; x_wconf 87' lang='lat' dir='ltr'>uidi</span> <span class='ocrx_word' id='word_1_15' title='bbox 819 380 1020 428; x_wconf 80' lang='lat' dir='ltr'>laetius.</span> <span class='ocrx_word' id='word_1_16' title='bbox 1093 387 1192 427; x_wconf 79' lang='lat' dir='ltr'>DE.</span> <span class='ocrx_word' id='word_1_17' title='bbox 1235 380 1419 446; x_wconf 68' lang='lat' dir='ltr'>(aeide)</span> <span class='ocrx_word' id='word_1_18' title='bbox 1457 381 1560 429; x_wconf 89' lang='lat' dir='ltr'>Pro</span> <span class='ocrx_word' id='word_1_19' title='bbox 1586 379 1839 444; x_wconf 72' lang='lat' dir='ltr'>Iuppiter,</span> 
     </span>
    </p>

    <p class='ocr_par' dir='ltr' id='par_1_4' title="bbox 262 459 1926 602">
     <span class='ocr_line' id='line_1_4' title="bbox 262 459 1926 527; baseline 0.001 -19"><span class='ocrx_word' id='word_1_20' title='bbox 262 461 506 509; x_wconf 80' lang='lat' dir='ltr'>Hominis</span> <span class='ocrx_word' id='word_1_21' title='bbox 534 460 845 509; x_wconf 71' lang='lat' dir='ltr'>stultitiam!</span> <span class='ocrx_word' id='word_1_22' title='bbox 917 467 1022 508; x_wconf 86' lang='lat' dir='ltr'>SY.</span> <span class='ocrx_word' id='word_1_23' title='bbox 1076 460 1197 524; x_wconf 76' lang='lat' dir='ltr'>(still</span> <span class='ocrx_word' id='word_1_24' title='bbox 1214 459 1541 527; x_wconf 71' lang='lat' dir='ltr'>soliloquiz&#39;es)</span> <span class='ocrx_word' id='word_1_25' title='bbox 1580 460 1926 510; x_wconf 79' lang='lat' dir='ltr'>Conlaudauit</span> 
     </span>
     <span class='ocr_line' id='line_1_5' title="bbox 394 541 1289 602; baseline -0.001 -14"><span class='ocrx_word' id='word_1_26' title='bbox 394 541 570 588; x_wconf 80' lang='lat' dir='ltr'>filium</span> <span class='ocrx_word' id='word_1_27' title='bbox 590 560 600 602; x_wconf 83' lang='lat'><em>3</em></span> <span class='ocrx_word' id='word_1_28' title='bbox 1287 568 1289 570; x_wconf 90' lang='lat'>·</span> 
     </span>
    </p>

    <p class='ocr_par' dir='ltr' id='par_1_5' title="bbox 262 620 1574 684">
     <span class='ocr_line' id='line_1_6' title="bbox 262 620 1574 684; baseline 0 -15"><span class='ocrx_word' id='word_1_29' title='bbox 262 622 411 683; x_wconf 85' lang='lat' dir='ltr'>Mihi,</span> <span class='ocrx_word' id='word_1_30' title='bbox 438 621 527 684; x_wconf 87' lang='lat' dir='ltr'>qui</span> <span class='ocrx_word' id='word_1_31' title='bbox 553 621 608 669; x_wconf 83' lang='lat' dir='ltr'>id</span> <span class='ocrx_word' id='word_1_32' title='bbox 633 620 892 669; x_wconf 81' lang='lat' dir='ltr'>dedissem</span> <span class='ocrx_word' id='word_1_33' title='bbox 917 620 1209 683; x_wconf 81' lang='lat' dir='ltr'>consilium,</span> <span class='ocrx_word' id='word_1_34' title='bbox 1237 621 1344 682; x_wconf 86' lang='lat' dir='ltr'>egit</span> <span class='ocrx_word' id='word_1_35' title='bbox 1368 621 1574 683; x_wconf 74' lang='lat' dir='ltr'>gratias.</span> 
     </span>
    </p>

    <p class='ocr_par' dir='ltr' id='par_1_6' title="bbox 261 700 1925 844">
     <span class='ocr_line' id='line_1_7' title="bbox 261 700 1925 769; baseline 0.001 -21"><span class='ocrx_word' id='word_1_36' title='bbox 261 710 360 749; x_wconf 79' lang='lat' dir='ltr'>DE.</span> <span class='ocrx_word' id='word_1_37' title='bbox 414 701 596 768; x_wconf 73' lang='lat' dir='ltr'>(aside)</span> <span class='ocrx_word' id='word_1_38' title='bbox 636 700 944 764; x_wconf 76' lang='lat' dir='ltr'>Disri&#39;nnpor</span> <span class='ocrx_word' id='word_1_39' title='bbox 965 704 974 749; x_wconf 80' lang='lat'>1</span> <span class='ocrx_word' id='word_1_40' title='bbox 1047 709 1152 749; x_wconf 85' lang='lat' dir='ltr'>SY.</span> <span class='ocrx_word' id='word_1_41' title='bbox 1195 701 1315 766; x_wconf 77' lang='lat' dir='ltr'>(still</span> <span class='ocrx_word' id='word_1_42' title='bbox 1333 703 1694 769; x_wconf 73' lang='lat' dir='ltr'>soliloquizinq)</span> <span class='ocrx_word' id='word_1_43' title='bbox 1731 701 1925 764; x_wconf 85' lang='lat' dir='ltr'>Argen-</span> 
     </span>
     <span class='ocr_line' id='line_1_8' title="bbox 394 781 1063 844; baseline 0 -14"><span class='ocrx_word' id='word_1_44' title='bbox 394 787 506 830; x_wconf 88' lang='lat' dir='ltr'>tum</span> <span class='ocrx_word' id='word_1_45' title='bbox 531 782 892 830; x_wconf 73' lang='lat' dir='ltr'>adnumerauit</span> <span class='ocrx_word' id='word_1_46' title='bbox 916 781 1063 844; x_wconf 76' lang='lat' dir='ltr'>ssi0&#39;03</span> 
     </span>
    </p>

    <p class='ocr_par' dir='ltr' id='par_1_7' title="bbox 261 861 1926 925">
     <span class='ocr_line' id='line_1_9' title="bbox 261 861 1926 925; baseline -0.001 -15"><span class='ocrx_word' id='word_1_47' title='bbox 261 862 422 910; x_wconf 82' lang='lat' dir='ltr'>Dedit</span> <span class='ocrx_word' id='word_1_48' title='bbox 446 867 714 925; x_wconf 88' lang='lat' dir='ltr'>praeterea</span> <span class='ocrx_word' id='word_1_49' title='bbox 736 862 791 909; x_wconf 92' lang='lat' dir='ltr'>in</span> <span class='ocrx_word' id='word_1_50' title='bbox 817 861 1082 925; x_wconf 76' lang='lat' dir='ltr'>sumptum</span> <span class='ocrx_word' id='word_1_51' title='bbox 1107 861 1384 911; x_wconf 78' lang='lat' dir='ltr'>dimidium</span> <span class='ocrx_word' id='word_1_52' title='bbox 1408 862 1606 924; x_wconf 80' lang='lat' dir='ltr'>minae3</span> <span class='ocrx_word' id='word_1_53' title='bbox 1853 873 1926 910; x_wconf 84' lang='grc'>370</span> 
     </span>
    </p>

    <p class='ocr_par' dir='ltr' id='par_1_8' title="bbox 261 942 1926 1088">
     <span class='ocr_line' id='line_1_10' title="bbox 261 942 1926 1007; baseline 0.001 -17"><span class='ocrx_word' id='word_1_54' title='bbox 261 944 326 991; x_wconf 92' lang='lat' dir='ltr'>Id</span> <span class='ocrx_word' id='word_1_55' title='bbox 362 942 702 992; x_wconf 86' lang='lat' dir='ltr'>distributum</span> <span class='ocrx_word' id='word_1_56' title='bbox 738 943 859 991; x_wconf 75' lang='lat' dir='ltr'>sane</span> <span class='ocrx_word' id='word_1_57' title='bbox 897 947 976 991; x_wconf 92' lang='lat' dir='ltr'>est</span> <span class='ocrx_word' id='word_1_58' title='bbox 1014 958 1078 990; x_wconf 83' lang='lat' dir='ltr'>ex</span> <span class='ocrx_word' id='word_1_59' title='bbox 1115 943 1387 992; x_wconf 78' lang='lat' dir='ltr'>sententia.</span> <span class='ocrx_word' id='word_1_60' title='bbox 1459 951 1558 990; x_wconf 80' lang='lat' dir='ltr'>DE.</span> <span class='ocrx_word' id='word_1_61' title='bbox 1612 942 1926 1007; x_wconf 77' lang='lat' dir='ltr'>(contemptu-</span> 
     </span>
     <span class='ocr_line' id='line_1_11' title="bbox 393 1024 1080 1088; baseline -0.001 -17"><span class='ocrx_word' id='word_1_62' title='bbox 393 1026 531 1085; x_wconf 73' lang='lat' dir='ltr'>ously</span> <span class='ocrx_word' id='word_1_63' title='bbox 557 1032 602 1072; x_wconf 81' lang='lat' dir='ltr'>lo</span> <span class='ocrx_word' id='word_1_64' title='bbox 628 1025 886 1088; x_wconf 71' lang='lat' dir='ltr'>audienee)</span> <span class='ocrx_word' id='word_1_65' title='bbox 926 1024 1080 1084; x_wconf 90' lang='lat' dir='ltr'>Hem,</span> 
     </span>
    </p>

    <p class='ocr_par' dir='ltr' id='par_1_9' title="bbox 261 1102 1473 1166">
     <span class='ocr_line' id='line_1_12' title="bbox 261 1102 1473 1166; baseline 0 -15"><span class='ocrx_word' id='word_1_66' title='bbox 261 1105 401 1152; x_wconf 89' lang='lat' dir='ltr'>Huic</span> <span class='ocrx_word' id='word_1_67' title='bbox 426 1105 654 1164; x_wconf 76' lang='lat' dir='ltr'>mandes,</span> <span class='ocrx_word' id='word_1_68' title='bbox 683 1104 727 1152; x_wconf 90' lang='lat' dir='ltr'>si</span> <span class='ocrx_word' id='word_1_69' title='bbox 753 1104 881 1166; x_wconf 87' lang='lat' dir='ltr'>quid</span> <span class='ocrx_word' id='word_1_70' title='bbox 904 1104 1041 1151; x_wconf 81' lang='lat' dir='ltr'>recte</span> <span class='ocrx_word' id='word_1_71' title='bbox 1066 1102 1302 1152; x_wconf 75' lang='lat' dir='ltr'>curatum</span> <span class='ocrx_word' id='word_1_72' title='bbox 1326 1103 1473 1153; x_wconf 90' lang='lat' dir='ltr'>uelis.</span> 
     </span>
    </p>

    <p class='ocr_par' dir='ltr' id='par_1_10' title="bbox 261 1184 1922 1328">
     <span class='ocr_line' id='line_1_13' title="bbox 261 1184 1922 1251; baseline 0 -19"><span class='ocrx_word' id='word_1_73' title='bbox 261 1192 366 1232; x_wconf 86' lang='lat' dir='ltr'>SY.</span> <span class='ocrx_word' id='word_1_74' title='bbox 420 1185 644 1248; x_wconf 71' lang='lat' dir='ltr'>(turninq</span> <span class='ocrx_word' id='word_1_75' title='bbox 659 1187 847 1232; x_wconf 75' lang='lat' dir='ltr'>toward</span> <span class='ocrx_word' id='word_1_76' title='bbox 862 1186 938 1232; x_wconf 78' lang='lat' dir='ltr'>the</span> <span class='ocrx_word' id='word_1_77' title='bbox 953 1186 1116 1245; x_wconf 74' lang='lat' dir='ltr'>house,</span> <span class='ocrx_word' id='word_1_78' title='bbox 1135 1186 1375 1246; x_wconf 73' lang='lat' dir='ltr'>suddenly</span> <span class='ocrx_word' id='word_1_79' title='bbox 1389 1187 1695 1246; x_wconf 73' lang='lat' dir='ltr'>discoverinq</span> <span class='ocrx_word' id='word_1_80' title='bbox 1709 1184 1922 1251; x_wconf 82' lang='lat' dir='ltr'>Demea)</span> 
     </span>
     <span class='ocr_line' id='line_1_14' title="bbox 392 1263 1808 1328; baseline -0.001 -15"><span class='ocrx_word' id='word_1_81' title='bbox 392 1266 559 1313; x_wconf 80' lang='lat' dir='ltr'>Ehem</span> <span class='ocrx_word' id='word_1_82' title='bbox 584 1266 791 1325; x_wconf 82' lang='lat' dir='ltr'>Demea,</span> <span class='ocrx_word' id='word_1_83' title='bbox 818 1265 959 1312; x_wconf 90' lang='lat' dir='ltr'>haud</span> <span class='ocrx_word' id='word_1_84' title='bbox 983 1265 1283 1327; x_wconf 79' lang='lat' dir='ltr'>aspexeram</span> <span class='ocrx_word' id='word_1_85' title='bbox 1308 1269 1373 1312; x_wconf 91' lang='lat' dir='ltr'>te.</span> <span class='ocrx_word' id='word_1_86' title='bbox 1446 1263 1574 1328; x_wconf 82' lang='lat' dir='ltr'>quid</span> <span class='ocrx_word' id='word_1_87' title='bbox 1598 1264 1808 1326; x_wconf 86' lang='lat' dir='ltr'>agitur?</span> 
     </span>
    </p>

    <p class='ocr_par' dir='ltr' id='par_1_11' title="bbox 260 1342 1927 1475">
     <span class='ocr_line' id='line_1_15' title="bbox 260 1342 1927 1411; baseline 0 -19"><span class='ocrx_word' id='word_1_88' title='bbox 260 1353 359 1393; x_wconf 79' lang='lat' dir='ltr'>DE.</span> <span class='ocrx_word' id='word_1_89' title='bbox 410 1345 547 1402; x_wconf 81' lang='lat' dir='ltr'>Quid</span> <span class='ocrx_word' id='word_1_90' title='bbox 593 1345 776 1407; x_wconf 78' lang='lat' dir='ltr'>agatur</span> <span class='ocrx_word' id='word_1_91' title='bbox 794 1347 818 1393; x_wconf 70' lang='grc' dir='ltr'>ἱ)</span> <span class='ocrx_word' id='word_1_92' title='bbox 867 1344 1176 1411; x_wconf 65' lang='lat' dir='ltr'>(iromsscally)</span> <span class='ocrx_word' id='word_1_93' title='bbox 1225 1349 1456 1394; x_wconf 87' lang='lat' dir='ltr'>uostram</span> <span class='ocrx_word' id='word_1_94' title='bbox 1501 1345 1701 1408; x_wconf 80' lang='lat' dir='ltr'>nequeo</span> <span class='ocrx_word' id='word_1_95' title='bbox 1746 1342 1927 1393; x_wconf 78' lang='lat' dir='ltr'>mirari</span> 
     </span>
     <span class='ocr_line' id='line_1_16' title="bbox 395 1426 523 1475; baseline -0.008 0"><span class='ocrx_word' id='word_1_96' title='bbox 395 1426 523 1475; x_wconf 86' lang='lat' dir='ltr'>satis</span> 
     </span>
    </p>

    <p class='ocr_par' dir='ltr' id='par_1_12' title="bbox 260 1504 1925 1569">
     <span class='ocr_line' id='line_1_17' title="bbox 260 1504 1925 1569; baseline -0.001 -15"><span class='ocrx_word' id='word_1_97' title='bbox 260 1507 551 1555; x_wconf 79' lang='lat' dir='ltr'>Rationem.</span> <span class='ocrx_word' id='word_1_98' title='bbox 626 1513 731 1553; x_wconf 84' lang='lat' dir='ltr'>SY.</span> <span class='ocrx_word' id='word_1_99' title='bbox 781 1506 879 1554; x_wconf 85' lang='lat' dir='ltr'>Est</span> <span class='ocrx_word' id='word_1_100' title='bbox 902 1505 1075 1554; x_wconf 89' lang='lat' dir='ltr'>hercle</span> <span class='ocrx_word' id='word_1_101' title='bbox 1100 1505 1306 1569; x_wconf 80' lang='lat' dir='ltr'>inepta;</span> <span class='ocrx_word' id='word_1_102' title='bbox 1344 1521 1409 1553; x_wconf 92' lang='lat' dir='ltr'>ne</span> <span class='ocrx_word' id='word_1_103' title='bbox 1434 1505 1602 1554; x_wconf 73' lang='lat' dir='ltr'>dicam</span> <span class='ocrx_word' id='word_1_104' title='bbox 1628 1504 1760 1566; x_wconf 88' lang='lat' dir='ltr'>d010‚</span> <span class='ocrx_word' id='word_1_105' title='bbox 1854 1515 1925 1553; x_wconf 83' lang='grc'>375</span> 
     </span>
    </p>

    <p class='ocr_par' dir='ltr' id='par_1_13' title="bbox 260 1586 1922 1652">
     <span class='ocr_line' id='line_1_18' title="bbox 260 1586 1922 1652; baseline -0.001 -17"><span class='ocrx_word' id='word_1_106' title='bbox 260 1586 515 1635; x_wconf 74' lang='lat' dir='ltr'>Absurda.</span> <span class='ocrx_word' id='word_1_107' title='bbox 590 1587 659 1651; x_wconf 77' lang='lat' dir='ltr'>(to</span> <span class='ocrx_word' id='word_1_108' title='bbox 684 1588 817 1634; x_wconf 76' lang='lat' dir='ltr'>slave</span> <span class='ocrx_word' id='word_1_109' title='bbox 835 1587 1049 1652; x_wconf 76' lang='lat' dir='ltr'>Dromo)</span> <span class='ocrx_word' id='word_1_110' title='bbox 1088 1586 1246 1649; x_wconf 87' lang='lat' dir='ltr'>piscis</span> <span class='ocrx_word' id='word_1_111' title='bbox 1282 1586 1478 1634; x_wconf 82' lang='lat' dir='ltr'>ceteros</span> <span class='ocrx_word' id='word_1_112' title='bbox 1503 1586 1681 1648; x_wconf 72' lang='lat' dir='ltr'>purga,</span> <span class='ocrx_word' id='word_1_113' title='bbox 1701 1586 1922 1648; x_wconf 90' lang='lat' dir='ltr'>Dromo;</span> 
     </span>
    </p>

    <p class='ocr_par' dir='ltr' id='par_1_14' title="bbox 262 1665 1663 1729">
     <span class='ocr_line' id='line_1_19' title="bbox 262 1665 1663 1729; baseline -0.002 -12"><span class='ocrx_word' id='word_1_114' title='bbox 262 1669 529 1728; x_wconf 82' lang='lat' dir='ltr'>Gongrum</span> <span class='ocrx_word' id='word_1_115' title='bbox 554 1666 714 1716; x_wconf 84' lang='lat' dir='ltr'>istum</span> <span class='ocrx_word' id='word_1_116' title='bbox 739 1682 1039 1715; x_wconf 86' lang='lat' dir='ltr'>maxumum</span> <span class='ocrx_word' id='word_1_117' title='bbox 1064 1665 1119 1713; x_wconf 82' lang='lat' dir='ltr'>in</span> <span class='ocrx_word' id='word_1_118' title='bbox 1144 1682 1279 1729; x_wconf 87' lang='lat' dir='ltr'>aqua</span> <span class='ocrx_word' id='word_1_119' title='bbox 1303 1666 1460 1715; x_wconf 87' lang='lat' dir='ltr'>sinito</span> <span class='ocrx_word' id='word_1_120' title='bbox 1484 1665 1663 1714; x_wconf 72' lang='lat' dir='ltr'>ludere</span> 
     </span>
    </p>

    <p class='ocr_par' dir='ltr' id='par_1_15' title="bbox 260 1746 1523 1810">
     <span class='ocr_line' id='line_1_20' title="bbox 260 1746 1523 1810; baseline -0.002 -14"><span class='ocrx_word' id='word_1_121' title='bbox 260 1747 564 1810; x_wconf 79' lang='lat' dir='ltr'>Tantisper:</span> <span class='ocrx_word' id='word_1_122' title='bbox 603 1747 694 1795; x_wconf 89' lang='lat' dir='ltr'>ubi</span> <span class='ocrx_word' id='word_1_123' title='bbox 720 1762 812 1809; x_wconf 84' lang='lat' dir='ltr'>ego</span> <span class='ocrx_word' id='word_1_124' title='bbox 836 1747 1053 1808; x_wconf 79' lang='lat' dir='ltr'>rediero,</span> <span class='ocrx_word' id='word_1_125' title='bbox 1080 1746 1429 1809; x_wconf 74' lang='lat' dir='ltr'>exossabitur3</span> <span class='ocrx_word' id='word_1_126' title='bbox 1514 1746 1523 1756; x_wconf 92' lang='lat'>&#39;</span> 
     </span>
    </p>

    <p class='ocr_par' dir='ltr' id='par_1_16' title="bbox 259 1825 1923 1971">
     <span class='ocr_line' id='line_1_21' title="bbox 259 1825 1923 1890; baseline -0.001 -14"><span class='ocrx_word' id='word_1_127' title='bbox 259 1828 413 1877; x_wconf 75' lang='lat' dir='ltr'>Prius</span> <span class='ocrx_word' id='word_1_128' title='bbox 461 1828 594 1876; x_wconf 82' lang='lat' dir='ltr'>nolo.</span> <span class='ocrx_word' id='word_1_129' title='bbox 683 1835 782 1875; x_wconf 79' lang='lat' dir='ltr'>DE.</span> <span class='ocrx_word' id='word_1_130' title='bbox 837 1827 1071 1876; x_wconf 79' lang='lat' dir='ltr'>Haecine</span> <span class='ocrx_word' id='word_1_131' title='bbox 1117 1826 1341 1889; x_wconf 80' lang='lat' dir='ltr'>flagitia!</span> <span class='ocrx_word' id='word_1_132' title='bbox 1435 1834 1540 1875; x_wconf 86' lang='lat' dir='ltr'>SY.</span> <span class='ocrx_word' id='word_1_133' title='bbox 1589 1825 1668 1875; x_wconf 90' lang='lat' dir='ltr'>Mi</span> <span class='ocrx_word' id='word_1_134' title='bbox 1714 1825 1923 1890; x_wconf 73' lang='lat' dir='ltr'>quidem</span> 
     </span>
     <span class='ocr_line' id='line_1_22' title="bbox 392 1908 740 1971; baseline -0.003 -14"><span class='ocrx_word' id='word_1_135' title='bbox 392 1909 495 1957; x_wconf 79' lang='lat' dir='ltr'>non</span> <span class='ocrx_word' id='word_1_136' title='bbox 518 1908 740 1971; x_wconf 76' lang='lat' dir='ltr'>placent,</span> 
     </span>
    </p>

    <p class='ocr_par' dir='ltr' id='par_1_17' title="bbox 259 1987 1924 2132">
     <span class='ocr_line' id='line_1_23' title="bbox 259 1987 1924 2054; baseline -0.002 -17"><span class='ocrx_word' id='word_1_137' title='bbox 259 1991 330 2038; x_wconf 86' lang='lat' dir='ltr'>Et</span> <span class='ocrx_word' id='word_1_138' title='bbox 354 1989 518 2037; x_wconf 74' lang='lat' dir='ltr'>clamo</span> <span class='ocrx_word' id='word_1_139' title='bbox 544 2004 709 2052; x_wconf 88' lang='lat' dir='ltr'>saepe.</span> <span class='ocrx_word' id='word_1_140' title='bbox 771 1987 1101 2052; x_wconf 61' lang='lat' dir='ltr'>(addressing)</span> <span class='ocrx_word' id='word_1_141' title='bbox 1119 1990 1252 2036; x_wconf 77' lang='lat' dir='ltr'>slave</span> <span class='ocrx_word' id='word_1_142' title='bbox 1272 1988 1566 2054; x_wconf 75' lang='lat' dir='ltr'>Stephanio)</span> <span class='ocrx_word' id='word_1_143' title='bbox 1607 1987 1924 2036; x_wconf 73' lang='lat' dir='ltr'>salsamenta</span> 
     </span>
     <span class='ocr_line' id='line_1_24' title="bbox 392 2069 1924 2132; baseline -0.002 -15"><span class='ocrx_word' id='word_1_144' title='bbox 392 2070 532 2131; x_wconf 89' lang='lat' dir='ltr'>haec,</span> <span class='ocrx_word' id='word_1_145' title='bbox 561 2069 859 2132; x_wconf 80' lang='lat' dir='ltr'>Stephanio,</span> <span class='ocrx_word' id='word_1_146' title='bbox 1851 2077 1924 2115; x_wconf 87' lang='lat'>380</span> 
     </span>
    </p>

    <p class='ocr_par' dir='ltr' id='par_1_18' title="bbox 259 2147 1705 2212">
     <span class='ocr_line' id='line_1_25' title="bbox 259 2147 1705 2212; baseline -0.001 -14"><span class='ocrx_word' id='word_1_147' title='bbox 259 2151 364 2199; x_wconf 83' lang='lat' dir='ltr'>Fac</span> <span class='ocrx_word' id='word_1_148' title='bbox 387 2150 710 2198; x_wconf 73' lang='lat' dir='ltr'>macerentur</span> <span class='ocrx_word' id='word_1_149' title='bbox 735 2148 963 2212; x_wconf 75' lang='lat' dir='ltr'>pulchre.</span> <span class='ocrx_word' id='word_1_150' title='bbox 1038 2156 1137 2196; x_wconf 77' lang='lat' dir='ltr'>DE.</span> <span class='ocrx_word' id='word_1_151' title='bbox 1188 2148 1256 2196; x_wconf 92' lang='lat' dir='ltr'>Di</span> <span class='ocrx_word' id='word_1_152' title='bbox 1281 2148 1510 2198; x_wconf 69' lang='lat' dir='ltr'>nostram</span> <span class='ocrx_word' id='word_1_153' title='bbox 1534 2147 1705 2210; x_wconf 91' lang='lat' dir='ltr'>fidem,</span> 
     </span>
    </p>

    <p class='ocr_par' dir='ltr' id='par_1_19' title="bbox 259 2228 1536 2292">
     <span class='ocr_line' id='line_1_26' title="bbox 259 2228 1536 2292; baseline -0.002 -12"><span class='ocrx_word' id='word_1_154' title='bbox 259 2229 447 2280; x_wconf 73' lang='lat' dir='ltr'>Vtrum</span> <span class='ocrx_word' id='word_1_155' title='bbox 473 2230 714 2280; x_wconf 90' lang='lat' dir='ltr'>studione</span> <span class='ocrx_word' id='word_1_156' title='bbox 739 2230 795 2278; x_wconf 93' lang='lat' dir='ltr'>id</span> <span class='ocrx_word' id='word_1_157' title='bbox 821 2229 920 2279; x_wconf 79' lang='lat' dir='ltr'>sibi</span> <span class='ocrx_word' id='word_1_158' title='bbox 945 2230 1102 2278; x_wconf 89' lang='lat' dir='ltr'>habet</span> <span class='ocrx_word' id='word_1_159' title='bbox 1126 2245 1192 2277; x_wconf 89' lang='lat' dir='ltr'>an</span> <span class='ocrx_word' id='word_1_160' title='bbox 1216 2228 1361 2278; x_wconf 79' lang='lat' dir='ltr'>laudi</span> <span class='ocrx_word' id='word_1_161' title='bbox 1384 2233 1536 2292; x_wconf 89' lang='lat' dir='ltr'>putat</span> 
     </span>
    </p>

    <p class='ocr_par' dir='ltr' id='par_1_20' title="bbox 259 2309 1591 2374">
     <span class='ocr_line' id='line_1_27' title="bbox 259 2309 1591 2374; baseline -0.002 -15"><span class='ocrx_word' id='word_1_162' title='bbox 259 2313 404 2373; x_wconf 86' lang='lat' dir='ltr'>Fore,</span> <span class='ocrx_word' id='word_1_163' title='bbox 432 2311 477 2360; x_wconf 87' lang='lat' dir='ltr'>si</span> <span class='ocrx_word' id='word_1_164' title='bbox 500 2310 788 2374; x_wconf 91' lang='lat' dir='ltr'>perdiderit</span> <span class='ocrx_word' id='word_1_165' title='bbox 813 2311 1025 2372; x_wconf 75' lang='lat' dir='ltr'>gnatum</span> <span class='ocrx_word' id='word_1_166' title='bbox 1044 2312 1069 2358; x_wconf 86' lang='lat'>?</span> <span class='ocrx_word' id='word_1_167' title='bbox 1104 2325 1200 2358; x_wconf 86' lang='lat' dir='ltr'>uae</span> <span class='ocrx_word' id='word_1_168' title='bbox 1224 2309 1412 2359; x_wconf 77' lang='lat' dir='ltr'>misero</span> <span class='ocrx_word' id='word_1_169' title='bbox 1436 2309 1591 2357; x_wconf 86' lang='lat' dir='ltr'>mihi!</span> 
     </span>
    </p>

    <p class='ocr_par' dir='ltr' id='par_1_21' title="bbox 259 2389 1643 2453">
     <span class='ocr_line' id='line_1_28' title="bbox 259 2389 1643 2453; baseline -0.003 -11"><span class='ocrx_word' id='word_1_170' title='bbox 259 2393 449 2442; x_wconf 80' lang='lat' dir='ltr'>Videre</span> <span class='ocrx_word' id='word_1_171' title='bbox 474 2392 654 2440; x_wconf 88' lang='lat' dir='ltr'>uideor</span> <span class='ocrx_word' id='word_1_172' title='bbox 678 2391 782 2440; x_wconf 79' lang='lat' dir='ltr'>iam</span> <span class='ocrx_word' id='word_1_173' title='bbox 808 2391 945 2438; x_wconf 91' lang='lat' dir='ltr'>diem</span> <span class='ocrx_word' id='word_1_174' title='bbox 970 2390 1136 2451; x_wconf 91' lang='lat' dir='ltr'>illum,</span> <span class='ocrx_word' id='word_1_175' title='bbox 1164 2406 1318 2453; x_wconf 86' lang='lat' dir='ltr'>quom</span> <span class='ocrx_word' id='word_1_176' title='bbox 1342 2389 1463 2438; x_wconf 79' lang='lat' dir='ltr'>hinc</span> <span class='ocrx_word' id='word_1_177' title='bbox 1489 2405 1643 2451; x_wconf 87' lang='lat' dir='ltr'>egens</span> 
     </span>
    </p>

    <p class='ocr_par' dir='ltr' id='par_1_22' title="bbox 257 2470 1922 2535">
     <span class='ocr_line' id='line_1_29' title="bbox 257 2470 1922 2535; baseline -0.004 -14"><span class='ocrx_word' id='word_1_178' title='bbox 257 2471 534 2535; x_wconf 75' lang='lat' dir='ltr'>Profugiet</span> <span class='ocrx_word' id='word_1_179' title='bbox 558 2472 734 2535; x_wconf 88' lang='lat' dir='ltr'>aliquo</span> <span class='ocrx_word' id='word_1_180' title='bbox 758 2471 1055 2519; x_wconf 86' lang='lat' dir='ltr'>militatum.</span> <span class='ocrx_word' id='word_1_181' title='bbox 1130 2477 1234 2518; x_wconf 88' lang='lat' dir='ltr'>SY.</span> <span class='ocrx_word' id='word_1_182' title='bbox 1286 2471 1328 2519; x_wconf 93' lang='lat' dir='ltr'>O</span> <span class='ocrx_word' id='word_1_183' title='bbox 1354 2470 1562 2531; x_wconf 77' lang='lat' dir='ltr'>Demea,</span> <span class='ocrx_word' id='word_1_184' title='bbox 1849 2478 1922 2515; x_wconf 84' lang='lat'>385</span> 
     </span>
    </p>
   </div>
   <div class='ocr_carea' id='block_1_3' title="bbox 256 2646 1920 2869">
    <p class='ocr_par' dir='ltr' id='par_1_23' title="bbox 256 2646 1920 2869">
     <span class='ocr_line' id='line_1_30' title="bbox 324 2646 1919 2697; baseline -0.004 -8"><span class='ocrx_word' id='word_1_185' title='bbox 324 2652 408 2689; x_wconf 84' lang='lat'><strong>375.</strong></span> <span class='ocrx_word' id='word_1_186' title='bbox 432 2648 683 2695; x_wconf 81' lang='lat' dir='ltr'>Rationem,</span> <span class='ocrx_word' id='word_1_187' title='bbox 705 2650 730 2667; x_wconf 87' lang='lat'><em>“</em></span> <span class='ocrx_word' id='word_1_188' title='bbox 746 2650 939 2695; x_wconf 57' lang='lat' dir='ltr'>doinqsss’</span> <span class='ocrx_word' id='word_1_189' title='bbox 991 2650 1074 2687; x_wconf 84' lang='grc'><strong>376.</strong></span> <span class='ocrx_word' id='word_1_190' title='bbox 1099 2657 1259 2697; x_wconf 84' lang='lat' dir='ltr'>purga,</span> <span class='ocrx_word' id='word_1_191' title='bbox 1280 2648 1412 2686; x_wconf 79' lang='lat' dir='ltr'>clean.</span> <span class='ocrx_word' id='word_1_192' title='bbox 1460 2649 1543 2686; x_wconf 84' lang='grc'><strong>377.</strong></span> <span class='ocrx_word' id='word_1_193' title='bbox 1569 2646 1806 2696; x_wconf 68' lang='lat' dir='ltr'>onagrum,</span> <span class='ocrx_word' id='word_1_194' title='bbox 1826 2656 1919 2684; x_wconf 87' lang='lat' dir='ltr'>con-</span> 
     </span>
     <span class='ocr_line' id='line_1_31' title="bbox 256 2702 1920 2755; baseline -0.003 -10"><span class='ocrx_word' id='word_1_195' title='bbox 256 2719 331 2755; x_wconf 71' lang='grc' dir='ltr'>ρον</span> <span class='ocrx_word' id='word_1_196' title='bbox 348 2708 421 2746; x_wconf 88' lang='lat' dir='ltr'>eel.</span> <span class='ocrx_word' id='word_1_197' title='bbox 474 2709 557 2746; x_wconf 83' lang='lat'>378.</span> <span class='ocrx_word' id='word_1_198' title='bbox 583 2704 884 2751; x_wconf 65' lang='lat' dir='ltr'>exosa-abitur,</span> <span class='ocrx_word' id='word_1_199' title='bbox 904 2707 938 2743; x_wconf 77' lang='lat' dir='ltr'>it</span> <span class='ocrx_word' id='word_1_200' title='bbox 956 2705 1068 2743; x_wconf 80' lang='lat' dir='ltr'>shall</span> <span class='ocrx_word' id='word_1_201' title='bbox 1087 2706 1132 2742; x_wconf 88' lang='lat' dir='ltr'>be</span> <span class='ocrx_word' id='word_1_202' title='bbox 1153 2706 1298 2742; x_wconf 77' lang='lat' dir='ltr'>bened.</span> <span class='ocrx_word' id='word_1_203' title='bbox 1349 2706 1433 2742; x_wconf 84' lang='lat'>380.</span> <span class='ocrx_word' id='word_1_204' title='bbox 1462 2702 1757 2747; x_wconf 77' lang='lat' dir='ltr'>Salsamenta,</span> <span class='ocrx_word' id='word_1_205' title='bbox 1785 2702 1920 2741; x_wconf 79' lang='lat' dir='ltr'>salted</span> 
     </span>
     <span class='ocr_line' id='line_1_32' title="bbox 256 2757 1916 2812; baseline -0.004 -10"><span class='ocrx_word' id='word_1_206' title='bbox 256 2766 356 2812; x_wconf 82' lang='lat' dir='ltr'>fish.</span> <span class='ocrx_word' id='word_1_207' title='bbox 416 2765 500 2802; x_wconf 87' lang='grc'><strong>381.</strong></span> <span class='ocrx_word' id='word_1_208' title='bbox 533 2763 620 2801; x_wconf 78' lang='lat' dir='ltr'>Fac</span> <span class='ocrx_word' id='word_1_209' title='bbox 654 2764 955 2807; x_wconf 74' lang='lat' dir='ltr'>macerentur,</span> <span class='ocrx_word' id='word_1_210' title='bbox 987 2773 1052 2799; x_wconf 82' lang='lat' dir='ltr'>see</span> <span class='ocrx_word' id='word_1_211' title='bbox 1089 2762 1180 2799; x_wconf 79' lang='lat' dir='ltr'>that</span> <span class='ocrx_word' id='word_1_212' title='bbox 1211 2762 1307 2808; x_wconf 78' lang='lat' dir='ltr'>they</span> <span class='ocrx_word' id='word_1_213' title='bbox 1338 2772 1410 2799; x_wconf 84' lang='lat' dir='ltr'>are</span> <span class='ocrx_word' id='word_1_214' title='bbox 1439 2759 1608 2798; x_wconf 82' lang='lat' dir='ltr'>soaked.</span> <span class='ocrx_word' id='word_1_215' title='bbox 1627 2757 1827 2805; x_wconf 80' lang='lat' dir='ltr'>—fldem,</span> <span class='ocrx_word' id='word_1_216' title='bbox 1859 2769 1916 2796; x_wconf 86' lang='lat' dir='ltr'>sc.</span> 
     </span>
     <span class='ocr_line' id='line_1_33' title="bbox 256 2817 1361 2869; baseline -0.004 -10"><span class='ocrx_word' id='word_1_217' title='bbox 256 2822 448 2869; x_wconf 59' lang='lat' dir='ltr'>implora</span> <span class='ocrx_word' id='word_1_218' title='bbox 501 2821 584 2858; x_wconf 83' lang='lat'><strong>385.</strong></span> <span class='ocrx_word' id='word_1_219' title='bbox 608 2818 871 2865; x_wconf 80' lang='lat' dir='ltr'>militatum,</span> <span class='ocrx_word' id='word_1_220' title='bbox 895 2823 934 2855; x_wconf 82' lang='lat' dir='ltr'>to</span> <span class='ocrx_word' id='word_1_221' title='bbox 953 2829 1065 2856; x_wconf 79' lang='lat' dir='ltr'>serve</span> <span class='ocrx_word' id='word_1_222' title='bbox 1084 2829 1132 2855; x_wconf 82' lang='lat' dir='ltr'>as</span> <span class='ocrx_word' id='word_1_223' title='bbox 1150 2829 1176 2855; x_wconf 87' lang='grc' dir='ltr'><em>α</em></span> <span class='ocrx_word' id='word_1_224' title='bbox 1195 2817 1361 2856; x_wconf 80' lang='lat' dir='ltr'>soldier.</span> 
     </span>
    </p>
   </div>
  </div>
 </body>
</html>
