2132 3120
327 151 393 207 36
415 179 427 189 ᾗ
1038 163 1281 205 TERENTI
1691 164 1780 217 [111.
1799 165 1836 206 4.
1855 164 1987 208 37-60.

326 314 423 354 GE.
475 308 643 355 Immo
667 308 841 356 hercle
866 313 1129 372 extorque,
1156 305 1361 358 nisi'ita
1385 309 1650 370 factumst,
1676 310 1882 358 Demea.

329 387 663 454 (confidently)
701 389 974 437 Postremo
998 405 1103 436 non
1126 389 1361 451 negabit:
1401 405 1573 438 coram
1597 388 1768 453 ipsum
1793 391 1931 438 cedo,

324 475 423 514 DE.
466 468 706 531 (hanqiny
724 470 801 516 his
820 471 970 535 head)
997 470 1194 517 Pudet:
1233 485 1326 518 nec
1351 470 1478 533 quid
1501 485 1650 532 agam
1674 470 1834 532 neque
1858 470 1986 534 quid

457 548 578 596 huic
603 550 942 611 respondeam
1915 561 1988 598 485

328 628 457 676 Scio.
534 628 684 695 (PA.)
737 628 905 692 (from
940 632 1112 678 within
1148 632 1225 679 the
1261 632 1432 698 house)
1471 631 1719 680 Miseram
1754 646 1850 693 me,
1889 630 1986 679 dif—

457 709 596 757 feror
621 709 912 759 doloribus!

325 789 457 837 Iuno
482 789 694 850 Lucina,
721 790 802 838 fer
827 793 1003 854 opem!
1043 807 1193 840 serua
1215 807 1298 839 me
1322 792 1557 840 obsecro!
1627 799 1732 839 HE.
1782 793 1949 841 Hem!

323 867 466 914 Num
484 882 604 915 nam
624 866 730 929 illa,
752 883 956 931 quaeso,
977 869 1244 931 parturit?
1302 876 1400 916 GE.
1440 869 1605 930 Certe,
1625 869 1811 932 Hegio.
1878 877 1983 918 HE.

456 944 570 1006 Em,

324 1023 486 1072 Illaec
511 1024 669 1073 fidem
693 1024 830 1073 nunc
854 1027 1086 1075 nostram
1110 1026 1353 1089 inplorat,
1381 1027 1600 1074 Demea:

324 1105 472 1161 Quod
494 1106 586 1154 uos
606 1105 686 1155 ius
711 1109 864 1168 cogit,
891 1106 946 1154 id
969 1107 1239 1155 uoluntate
1265 1106 1523 1170 impetret.
1913 1118 1987 1155 490

324 1186 470 1234 Haec
494 1185 721 1248 primum
745 1191 804 1234 ut
828 1186 959 1235 fiant
984 1188 1105 1236 deos
1131 1203 1337 1250 quaeso,
1362 1192 1422 1235 ut
1446 1186 1593 1236 uobis
1619 1187 1776 1236 decet.

325 1266 417 1314 Sin
441 1266 594 1314 aliter
619 1267 823 1315 animus
847 1269 1023 1316 noster
1048 1272 1141 1329 est,
1169 1283 1276 1330 ego,
1303 1268 1511 1328 Demea,

326 1346 536 1395 Summa
558 1347 615 1394 ui
640 1348 917 1396 defendam
941 1348 1076 1396 hanc
1101 1353 1256 1411 atque
1281 1348 1432 1395 illum
1457 1349 1727 1397 mortuom.

324 1427 585 1488 Cognatus
610 1427 741 1474 mihi
767 1433 904 1490 erat3
941 1427 1047 1476 una
1071 1444 1101 1476 a
1124 1428 1297 1491 pueris
1322 1428 1551 1491 paruolis

325 1506 511 1556 Sumus
538 1508 738 1568 educti3
777 1524 883 1556 una
907 1509 1109 1571 semper
1133 1509 1355 1557 militiae
1380 1510 1432 1557 et
1457 1508 1597 1556 domi
1911 1519 1985 1557 495

322 1587 566 1649 Fuimus3
605 1593 966 1651 paupertatem
991 1588 1096 1637 {ina
1118 1587 1429 1652 pertulimus
1456 1604 1678 1650 grauem.

323 1667 646 1731 Quapropter
671 1668 823 1729 nitar,
850 1669 1055 1730 faciam,
1083 1669 1332 1732 experiar,
1359 1669 1583 1732 denique

322 1747 569 1796 Animam
594 1748 886 1811 relinquam
910 1749 1084 1811 potius
1110 1765 1266 1812 quam
1290 1749 1410 1798 illas
1436 1750 1683 1798 deseram.

323 1828 460 1885 Quid
495 1827 625 1876 mihi
655 1829 935 1892 respondes
955 1831 980 1877 ‘?
1050 1837 1149 1876 DE.
1189 1830 1426 1878 Fratrem
1451 1830 1770 1891 conueniam,
1796 1829 1981 1892 Hegio.

322 1916 426 1955 HE.
478 1909 592 1969 Sed,
620 1910 829 1970 Demea,
855 1909 951 1957 hoc
975 1914 1035 1957 tu
1059 1909 1221 1958 facito
1246 1925 1362 1957 cum
1386 1909 1558 1957 animo
1582 1910 1801 1972 cogites:
1911 1921 1986 1958 500

323 1989 486 2046 Quam
510 1990 602 2037 uos
628 1989 894 2036 facillume
919 1989 1089 2051 agitis,
1116 2005 1272 2052 quam
1297 1989 1423 2038 estis
1447 1990 1686 2038 maxume

322 2070 586 2130 Potentes,
614 2069 767 2130 dites,
793 2069 1063 2131 fortunati,
1089 2069 1304 2130 nobiles,

322 2151 450 2197 Tam
475 2150 714 2197 maxume
738 2165 831 2198 uos
857 2150 1020 2212 ae‘quo
1045 2150 1217 2198 animo
1241 2165 1407 2213 aequa
1429 2150 1639 2199 noscere

323 2230 555 2293 Oportet,
593 2230 638 2279 si
674 2245 766 2278 uos
801 2229 959 2278 uoltis
988 2229 1252 2293 perhiberi
1279 2230 1480 2293 probos.
1539 2230 1732 2295 (Tuo-ns
1755 2233 1986 2294 abruptly

454 2312 635 2377 away.)

321 2398 420 2438 DE.
470 2390 688 2439 Redito:
728 2390 855 2439 fient
880 2391 1010 2454 quae
1034 2390 1148 2438 fieri
1173 2394 1443 2454 aequomst
1467 2390 1652 2439 omnia.
1912 2402 1984 2439 505

321 2478 424 2518 HE.
475 2472 639 2519 Decet
674 2475 727 2519 te
765 2471 949 2519 facere.
1025 2471 1251 2534 (turninq
1291 2479 1337 2519 to
1378 2471 1539 2537 Geta).
1577 2471 1724 2532 Geta,
1762 2471 1861 2520 duc
1901 2487 1983 2520 me

454 2552 593 2599 intro
631 2552 698 2600 ad
745 2552 1044 2600 sostratam.
1135 2551 1366 2616 (Follows
1408 2552 1534 2602 Geta
1571 2555 1674 2600 into
1712 2552 1984 2601 Sostrata's

455 2634 643 2699 house.)

389 2781 473 2817 484.
498 2777 695 2827 negabit,
725 2790 779 2817 sc.
806 2778 1052 2817 Aeschinus.
1109 2780 1193 2816 501.
1220 2777 1358 2822 Quam
1388 2786 1470 2816 uos
1496 2775 1740 2823 facillume,
1771 2805 1780 2815 .
1813 2806 1820 2814 .
1851 2806 1859 2815 .
1886 2779 1982 2816 tam

320 2844 543 2881 maxume,
563 2847 610 2873 as
628 2846 713 2883 you
732 2835 810 2874 live
829 2836 877 2873 in
896 2836 962 2872 the
980 2839 1163 2882 yreatest
1181 2846 1288 2880 ease,
1309 2838 1402 2880 etc„
1431 2862 1440 2872 .
1466 2862 1475 2872 .
1502 2862 1512 2872 .
1528 2845 1573 2872 so
1590 2833 1829 2882 especially.
