2132 3120
886 674 1277 724 PROLOGVS.

346 878 634 941 Postquam
658 881 815 941 poeta
839 876 1003 925 sensit
1028 875 1342 939 scripturam
1368 890 1517 924 suam

346 959 431 1008 Ab
455 958 652 1022 iniquis
678 957 943 1007 obseruari
968 962 1020 1005 et
1045 957 1375 1005 aduorsarios

346 1040 550 1104 Rapere
575 1038 631 1087 in
654 1038 883 1102 peiorem
907 1038 1109 1102 partem
1134 1053 1291 1101 quam
1316 1032 1688 1086 acturisumus

345 1167 376 1199 21:
561 1168 592 1197 ἱ*
778 1166 809 1196 ²)ss
994 1167 1025 1197 ᾗ(
1211 1167 1242 1197 ²1<
1433 1166 1464 1196 Ξ*

346 1258 551 1309 Indicio
575 1259 640 1308 de
666 1275 720 1309 se
743 1259 858 1323 ipse
884 1260 998 1321 erit,
1024 1275 1119 1307 uos
1145 1258 1292 1307 eritis
1317 1257 1530 1319 iudiceS‚

346 1340 553 1390 Laudin
576 1356 644 1389 an
666 1340 800 1388 uitio
825 1339 945 1388 duci
970 1340 1026 1388 id
1049 1340 1250 1388 factum
1275 1340 1525 1403 oporteat.
1901 1348 1925 1385 5

349 1422 895 1487 Synapothnescontes
920 1420 1129 1484 Diphili
1156 1420 1501 1469 comoediast:

345 1504 478 1552 Eam
502 1502 901 1552 Commorientis
925 1501 1147 1551 Plautus
1172 1501 1300 1550 fecit
1324 1501 1572 1550 fabulam.

346 1584 414 1632 In
439 1584 638 1634 Graeca
660 1583 964 1632 adulescens
991 1584 1084 1644 est,
1112 1582 1203 1646 qui
1227 1582 1405 1631 lenoni
1431 1582 1590 1646 eripit

346 1663 678 1713 Meretricem
702 1664 759 1711 in
783 1664 956 1727 prima
978 1663 1188 1712 fabula:
1228 1679 1346 1711 eum
1370 1661 1592 1712 Plautus
1616 1662 1788 1712 locum

346 1744 585 1810 Reliquit
609 1745 884 1807 integrum.
960 1760 1077 1792 eum
1103 1743 1188 1792 hic
1213 1744 1384 1792 locum
1411 1743 1636 1808 sumpsit
1662 1744 1762 1793 sibi
1880 1755 1926 1791 10

348 1826 415 1874 In
436 1826 723 1890 Adelphos,
752 1826 970 1875 uerbum
998 1826 1062 1874 de
1085 1826 1244 1874 uerbo
1270 1841 1573 1888 expressum
1598 1825 1803 1874 extulit.

345 1908 477 1956 Eam
500 1908 594 1956 nos
620 1907 787 1955 acturi
813 1905 990 1955 sumus
1015 1922 1218 1954 nouam.
1281 1906 1575 1969 pernoscite

344 1986 632 2036 Furtumne
657 1987 857 2036 factum
884 1986 1210 2036 existumetis
1236 1988 1305 2036 an
1328 1987 1500 2035 locum

345 2069 688 2132 Reprelnsum,
716 2068 808 2132 qui
830 2057 1147 2131 praeteritus
1172 2068 1564 2130 neclegentiast.

343 2150 483 2198 Nam
508 2150 649 2213 quod
669 2149 764 2198 isti
787 2149 971 2198 dicunt
996 2149 1247 2210 maliuoli,
1274 2150 1510 2198 homines
1535 2149 1727 2199 nobilis
1879 2161 1925 2196 15

343 2231 498 2279 Hunc
520 2230 757 2279 adiutare
785 2229 1104 2294 adsidueque
1129 2246 1236 2279 una
1264 2230 1516 2279 scribere:

343 2310 494 2369 Quod
515 2310 600 2358 ssli
623 2311 962 2372 maledictum
987 2311 1269 2360 uehemens
1297 2327 1409 2361 esse
1435 2311 1771 2373 existumant,

316 2483 352 2520 1.
379 2482 527 2530 poeta,
547 2483 612 2521 i.e.
629 2483 827 2522 Terence.
879 2485 916 2521 2.
945 2482 1197 2530 obseruari,
1218 2484 1446 2530 observari,
1469 2482 1925 2523 criticis-effl—aduor-

244 2537 404 2585 sarion,
439 2541 723 2578 adversarios.
791 2542 827 2578 3.
862 2539 1055 2588 Rapere,
1092 2545 1189 2587 etc„
1226 2542 1486 2588 disparayed
1523 2542 1590 2579 the
1627 2542 1731 2588 play
1767 2541 1921 2578 which.

242 2597 280 2633 4.
306 2594 476 2634 Indicio
505 2625 514 2633 .
545 2624 554 2634 .
586 2625 595 2634 .
622 2595 724 2643 erit,
746 2598 836 2635 “he
854 2598 942 2635 will
958 2599 1053 2645 ,qive
1069 2599 1265 2635 evidence
1285 2598 1414 2636 about
1433 2598 1822 2645 himself.”—uos‚
1836 2609 1921 2635 vos.

241 2654 280 2690 5.
306 2651 434 2699 uitio,
454 2654 572 2691 vitio.
621 2655 657 2691 6.
683 2653 1162 2701 Synapothnescontes,
1184 2656 1461 2702 companions
1480 2656 1528 2692 in
1546 2655 1925 2693 death.—comoe-

242 2707 378 2755 (liant,
411 2711 626 2748 comoedia
655 2715 730 2748 est.
794 2713 831 2748 8.
859 2710 1026 2757 lenoni,
1058 2712 1428 2750 slave-merchant.
1497 2713 1533 2748 9.
1566 2711 1717 2758 prima.
1747 2709 1920 2756 fabula,

232 2767 332 2813 first
355 2771 459 2813 part
488 2767 539 2813 of
565 2767 632 2805 the
659 2767 781 2815 play.
842 2769 902 2805 10.
934 2766 1017 2814 hic,
1041 2768 1240 2806 Terence.
1306 2770 1366 2805 14.
1397 2767 1692 2814 Reprensum,
1720 2769 1919 2805 restored.

243 2823 304 2860 15.
343 2821 564 2870 mannuli,
601 2822 1094 2862 malevoli.—-homines
1128 2822 1295 2862 nobilis
1336 2824 1554 2872 (nobiles),
1590 2826 1658 2862 i.e.
1696 2836 1792 2862 men
1827 2835 1923 2861 con-

242 2879 394 2917 nected
419 2880 525 2918 with
550 2881 622 2919 the
650 2880 859 2928 Scipionic
885 2881 1025 2918 circle.

1067 2946 1093 2983 5
