2132 3120
334 180 401 231 22
1045 189 1286 227 TERENTI
1740 190 1809 240 [11.
1827 193 1865 229 4.
1884 193 1993 230 7-20.

330 339 433 379 AB.
484 331 597 392 Age
622 330 813 393 inepte,
840 330 990 393 quasi
1026 346 1162 379 nune
1199 332 1302 380 non
1338 332 1568 381 norimus
1593 333 1686 381 nos
1716 332 1853 381 inter
1885 349 1993 395 nos,

465 410 740 473 Ctesipho!

331 492 446 540 Hoc
482 490 613 538 mihi
649 491 806 551 dolet,
837 506 930 539 nos
969 491 1081 539 sero
1118 491 1330 540 rescisse
1366 492 1418 539 et
1453 508 1557 540 rem
1591 507 1754 555 paene
1788 492 1845 540 in
1879 491 1996 541 eum

463 571 633 619 locum
1041 566 1044 568 Α

330 651 565 713 Redisse,
605 655 665 699 ut
707 651 751 699 si
793 666 968 700 omnes
1007 650 1254 714 cuperent
1287 651 1385 700 tibi
1424 652 1500 700 nil
1536 654 1747 717 possent
1785 653 1997 703 auxilia-

464 747 580 779 mer.

332 820 421 861 (2¹1¹.
472 812 723 861 Pudebat.
796 819 899 859 AB.
943 812 1350 878 (reproaehfully)
1388 812 1489 874 Ah,
1517 813 1796 863 stultitiast
1820 814 1995 875 istaee,

464 894 567 941 11011
591 893 769 955 pudor.
842 897 950 940 tam
975 893 1039 940 ob
1063 893 1329 955 paruolam

331 975 463 1022 Rem
487 974 650 1036 paene
676 988 702 1021 e
727 972 924 1036 patria!
964 971 1115 1036 turpe
1152 972 1309 1021 dietu.
1383 974 1504 1022 deos
1533 989 1723 1037 quaeso
1751 979 1811 1023 ut
1836 978 1998 1023 istaec

464 1053 785 1117 prohibeant.
1927 1065 1999 1102 275

332 1142 423 1183 ΘΤ.
473 1133 708 1182 Peccaui.
781 1141 885 1181 AB.
928 1133 998 1198 (to
1027 1134 1202 1196 SyruS,
1235 1137 1466 1198 iquoriny
1499 1134 1721 1202 Sannio)
1759 1134 1897 1193 Quid
1925 1138 1999 1183 a'1‘t

464 1215 675 1263 tandem
700 1214 848 1262 nobis
877 1214 1068 1262 Sannio
1086 1216 1111 1262 ?
1181 1221 1286 1262 SY.
1338 1215 1450 1262 Iam
1475 1213 1619 1264 mitis
1645 1219 1737 1264 est.
1977 1266 1984 1272 ,

331 1303 435 1343 ΑΕ.
486 1296 597 1356 Ego
623 1295 688 1343 ad
713 1295 886 1342 forum
912 1294 1011 1355 ibo,
1045 1298 1105 1342 ut
1140 1293 1277 1342 huno
1314 1294 1607 1357 absoluam3
1644 1299 1704 1343 tu
1728 1299 1748 1342 i
1771 1294 1908 1344 intro
1933 1296 1999 1344 ad

465 1375 627 1436 illam,
677 1375 937 1437 Ctesipho.
1036 1374 1181 1439 (Emit
1220 1374 1514 1423 Aeschinus.
1616 1375 1842 1437 Ctesipho
1886 1393 2000 1439 yoes

467 1460 570 1504 into
595 1457 671 1503 the
696 1457 883 1520 house.)

333 1545 436 1585 SA.
491 1535 566 1600 (in
592 1553 624 1584 α
653 1538 741 1584 low
766 1537 896 1601 tone)
938 1535 1082 1598 Syre,
1109 1534 1272 1583 insta!
1345 1542 1450 1583 SY.
1493 1535 1724 1599 (startinq
1757 1544 1803 1585 to
1828 1539 1998 1599 follow

465 1617 765 1682 Aeschinus)
804 1616 999 1663 Eamus
1018 1635 1027 1676 3
1066 1615 1287 1678 namque
1306 1615 1391 1663 hie
1411 1621 1654 1679 properat
1677 1616 1732 1664 in
1752 1617 1995 1681 Cyprum.

467 1705 571 1745 SA.
620 1698 741 1744 Non
765 1696 872 1744 tam
898 1696 1124 1759 quidem,

334 1777 628 1836 Quam‘uis:
667 1777 825 1825 etiam
850 1792 1033 1825 maneo
1057 1776 1253 1825 otiosus
1278 1775 1375 1825 hie.
1449 1784 1553 1825 SY.
1603 1778 1895 1826 Reddetur:
1934 1778 1999 1826 ne

466 1859 606 1907 time.

335 1946 437 1987 SA.
488 1938 561 1986 At
584 1942 644 1986 ut
668 1938 817 1986 omne
842 1937 1040 1985 reddat.
1114 1944 1219 1985 SY.
1273 1925 1439 1985 Omne
1464 1938 1673 1999 reddet3
1711 1938 1824 1987 tace
1848 1938 2000 1986 modo

468 2034 525 2067 ae
568 2033 781 2081 sequere
817 2017 927 2066 hae.
1014 2024 1118 2065 SA.
1173 2018 1369 2080 Sequor
1421 2017 1655 2082 (startiny
1696 2021 1883 2067 toward
1923 2020 2001 2066 the

479 2102 707 2165 Forum).
1928 2110 2002 2146 280

335 2189 426 2230 0¹1¹.
481 2181 649 2244 (from
685 2181 762 2227 the
799 2180 942 2245 door)
982 2179 1130 2227 Heus
1168 2177 1311 2239 heus,
1341 2179 1481 2243 Syre.
1554 2186 1659 2227 SY.
1708 2179 1845 2237 Quid
1877 2182 1999 2229 est?

469 2268 560 2309 C'I'.
603 2249 829 2309 Obsecro
849 2263 900 2307 te
919 2259 1106 2319 hercle,
1126 2259 1389 2307 hominem
1409 2259 1568 2308 istum
1593 2259 2000 2323 inpurissumum

332 2343 500 2399 ,Quam
525 2340 751 2404 primum
778 2339 1102 2400 absoluitote,
1130 2355 1208 2399 ne,
1237 2339 1282 2388 si
1306 2339 1471 2401 magis
1497 2339 1744 2389 inritatus
1770 2340 1884 2402 siet,

336 2422 531 2485 Aliqua
555 2422 621 2470 ad
644 2426 845 2484 patrem
881 2420 977 2468 hoo
1013 2420 1280 2483 permanet
1306 2424 1460 2483 atque
1486 2436 1578 2482 ego
1606 2419 1718 2468 tum
1753 2425 2002 2484 perpetuo

469 2501 726 2566 perierim.

337 2591 441 2631 SY.
495 2583 820 2648 (assurinyly)
858 2582 981 2629 Non
1016 2580 1127 2642 fiet,
1165 2581 1299 2629 bono
1336 2580 1508 2629 animo
1545 2582 1623 2630 es:
1661 2585 1721 2630 tu
1755 2597 1873 2630 eum
1907 2581 2003 2629 illa

469 2667 521 2711 te
546 2662 688 2710 intus
715 2661 918 2710 oblecta
941 2660 1151 2709 interim

366 2779 368 2782 v
401 2804 487 2842 273.
516 2799 798 2846 auxiliaria,
820 2800 1043 2837 ausiliari.
1095 2801 1179 2838 275.
1209 2809 1232 2838 e
1257 2799 1424 2847 patria,
1449 2812 1505 2838 se.
1524 2801 1697 2848 fuyere.
1748 2801 1834 2839 278.
1862 2799 2000 2846 insta,

337 2861 464 2901 insist
482 2869 595 2908 ‘upon
614 2858 680 2895 the
692 2860 914 2905 payment.
967 2857 1051 2894 282.
1081 2854 1182 2901 siet,
1202 2857 1270 2893 sit.
1320 2857 1404 2894 283.
1434 2854 1610 2904 Aliqua,
1631 2868 1688 2895 sc.
1707 2857 1794 2895 via.
