2132 3120
236 155 288 196 v.
307 158 343 196 5.
366 157 441 206 (8.)
463 153 611 206 14-28.]
919 154 1232 194 ADELPHOE.
1843 146 1911 201 67

235 308 332 348 ΜΙ.
383 300 592 350 Insanis
613 319 622 348 :
663 300 826 348 aufer.
909 308 1009 348 DE.
1068 285 1204 361 Age,
1249 300 1316 348 da
1356 300 1566 348 ueniam
1608 300 1738 349 filio.
1811 309 1908 349 ΜΙ.

372 381 522 430 Saffin
547 381 702 430 sanus
729 396 783 430 es
800 383 825 429 ἱ)
986 390 990 395 ’

234 463 347 525 Ego
370 463 532 511 nouos
557 462 776 510 maritus
802 462 937 510 anno
963 462 1170 510 demum
1196 461 1379 525 quinto
1405 466 1457 511 et
1483 463 1856 524 sexagensumo

235 543 384 592 Fiam
409 544 565 607 atque
590 559 747 592 anum
773 543 1090 607 decrepitam
1116 544 1299 592 ducam
1316 546 1341 591 ?
1377 543 1497 591 idne
1524 544 1650 593 estis
1677 546 1911 595 auctores

368 624 543 672 mihi?

235 713 339 753 AE.
389 706 520 753 Fae:
558 704 775 767 promisi
816 720 910 766 ego
950 704 1074 754 filis.
1153 713 1249 753 ΜΙ.
1301 705 1553 754 Promisti
1594 708 1810 755 autem?
1849 707 1913 755 de

367 790 420 834 te
446 785 677 847 largitor,
704 801 844 849 puer.
1841 798 1914 835 940

235 875 335 915 DE.
384 866 512 928 Age,
541 865 668 929 quid
701 866 745 915 si
782 867 911 930 quid
946 871 998 915 te
1035 866 1202 916 maius
1240 869 1394 915 oret?
1464 875 1562 915 ΜΙ.
1614 868 1772 925 Quasi
1808 884 1913 916 non

368 947 466 996 hoo
492 947 561 996 sit
584 948 899 996 maxumum.

235 1037 334 1076 DE.
384 1029 467 1077 Da
489 1028 711 1077 ueniam.
784 1037 888 1076 AE.
938 1030 1020 1076 Ne
1047 1029 1274 1090 grauere.
1347 1037 1448 1076 DE.
1499 1030 1618 1090 Fae,
1650 1029 1909 1092 promitte.

369 1118 466 1157 MI.
516 1110 639 1158 Non
664 1100 950 1158 omitt-itis?

235 1197 339 1238 AE.
388 1191 525 1252 Non,
568 1190 671 1239 nisi
713 1195 765 1238 ‘ce
808 1206 1028 1238 exorem.
1100 1198 1197 1238 ΜΙ.
1248 1189 1343 1239 Vis
1391 1195 1470 1239 est
1517 1191 1644 1239 haee
1686 1191 1910 1255 quidem.

368 1279 468 1319 DE.
516 1256 638 1333 Age
664 1271 880 1334 prolixe,
908 1270 1080 1319 Mieio.

235 1359 332 1399 MI.
381 1352 499 1401 Etsi
539 1352 637 1400 hoe
679 1352 811 1399 mihi
858 1368 1089 1415 prauom,
1134 1352 1386 1415 ineptum,
1432 1352 1714 1401 absurdum
1756 1358 1912 1417 atque

369 1433 598 1482 alienum
623 1448 654 1481 a
676 1433 788 1481 uita
812 1449 928 1481 mea

234 1513 471 1575 Videtur,
499 1514 543 1563 si
570 1530 671 1562 ⁴uos
696 1514 845 1562 tanto
875 1528 1026 1577 opere
1056 1513 1192 1562 istuc
1217 1514 1390 1575 uoltis,
1422 1514 1558 1578 (with
1590 1523 1730 1578 qreat
1763 1518 1912 1564 reluc-

368 1603 506 1643 tanoe
530 1597 634 1642 and
658 1597 790 1656 after
812 1596 1098 1661 hesitation)
1126 1594 1232 1642 fiat.
1305 1602 1409 1642 AE.
1460 1596 1601 1643 Bene
1627 1596 1771 1645 facis.
1840 1607 1912 1644 945

234 1674 322 1725 ΠΕ.
373 1675 567 1724 Merito
604 1679 656 1723 te
693 1691 821 1723 amo.
861 1674 1042 1722 uerum
1081 1714 1089 1722 .
1131 1714 1140 1722 .
1182 1714 1190 1722 .
1272 1675 1359 1724 Ml.
1411 1676 1588 1733 Quid?
1658 1676 1747 1726 ΠΕ.
1798 1678 1911 1740 Ego

367 1756 552 1817 dicam,
578 1756 675 1804 hoo
701 1772 855 1819 quom
883 1755 1034 1804 confi‘c
1059 1756 1198 1819 quod
1221 1756 1354 1804 uolo.

233 1845 330 1885 ΜΙ.
375 1837 512 1894 Quid
549 1835 686 1885 nune
726 1837 865 1900 quod
906 1839 1110 1885 restat?
1203 1845 1303 1885 DE.
1372 1837 1545 1899 Hegio
1587 1842 1667 1887 est
1708 1840 1786 1887 hic
1826 1838 1908 1888 his

367 1922 617 1981 cognatus
643 1919 941 1981 proxumus,

232 1998 449 2048 Adfinis
474 1999 639 2060 nobis,
668 1997 886 2062 pauper:
926 1999 1055 2046 bene
1081 2014 1175 2047 nos
1201 1996 1404 2062 aliquid
1433 2000 1604 2048 faeere
1634 2000 1717 2048 illi
1746 2002 1905 2050 deoe‘c.

231 2088 327 2128 ΜΙ.
379 2080 516 2138 Quid
554 2080 767 2128 faeere?
839 2088 939 2127 DE.
989 2079 1220 2141 Agellist
1261 2079 1346 2127 hie
1390 2080 1486 2129 sub
1527 2081 1651 2129 urbe
1693 2081 1906 2144 paulum

335 2163 339 2167 ’
365 2161 504 2224 quod
528 2161 710 2209 locitas
737 2161 904 2208 foras:

230 2241 372 2290 Huie
397 2242 578 2290 demus
605 2242 695 2305 qui
715 2241 934 2289 fruatur.
1006 2249 1103 2289 ΜΙ.
1154 2241 1377 2290 Paulum
1403 2241 1458 2289 id
1482 2241 1709 2291 autemst
1725 2245 1750 2291 ἶ)
1804 2252 1902 2292 DE.

366 2323 421 2371 Si
445 2321 735 2383 multfimst,
761 2326 937 2370 tamen
1833 2336 1907 2372 950

229 2401 635 2452 Faciundums‘c:
675 2419 768 2466 pro
793 2407 942 2466 patre
972 2403 1093 2451 huie
1130 2408 1224 2463 est,
1262 2403 1428 2453 bonus
1465 2409 1559 2466 est,
1597 2406 1773 2455 noster
1810 2412 1903 2468 est,

363 2484 502 2532 reete
527 2484 694 2532 datur.

295 2621 380 2658 939.
407 2619 513 2658 idne
541 2648 550 2658 .
583 2649 590 2657 .
623 2649 631 2656 .
660 2622 870 2658 auctores
894 2637 929 2650 =
953 2622 1051 2658 idne
1082 2622 1288 2658 suadetis.
1348 2623 1433 2659 940.
1462 2621 1516 2660 de
1543 2624 1589 2660 te
1619 2622 1829 2672 largitor,
1858 2625 1903 2662 be

227 2687 435 2724 ,qenerous
460 2678 563 2715 with
591 2688 700 2724 your
725 2689 832 2714 own.
901 2679 986 2714 942.
1016 2686 1222 2726 grauere,
1251 2679 1443 2716 hesitate.
1512 2681 1596 2716 943.
1626 2679 1816 2726 prolixe,
1845 2693 1901 2719 se.

221 2734 315 2782 fac,
337 2733 383 2771 be
399 2745 620 2781 qenerous.
673 2736 757 2771 945.
787 2732 934 2778 confit,
957 2735 993 2771 is
1012 2735 1336 2781 accomplishecl.
1389 2737 1473 2773 948.
1499 2734 1690 2774 Adfinis:
1720 2739 1904 2786 through

228 2790 300 2827 the
318 2791 530 2838 marriage
549 2791 594 2828 of
613 2791 849 2837 Pamphila.
901 2792 986 2828 949.
1011 2790 1157 2839 Agelli
1183 2791 1385 2838 paulum,
1411 2804 1438 2829 a
1465 2793 1591 2830 small
1607 2794 1724 2841 field.
1740 2793 1905 2833 —loci-

226 2846 301 2884 tas
318 2843 457 2893 foras,
477 2856 561 2894 you
579 2846 696 2893 osten
715 2846 770 2884 lec
788 2851 874 2885 out.
923 2849 1008 2884 951.
1037 2846 1152 2894 huic,
1175 2849 1244 2886 i.e.
1265 2849 1503 2896 Pamphila.
