2132 3120
245 169 278 208 1.
298 170 334 207 1.
351 170 462 208 42-2.
482 167 537 218 3.]
924 168 1237 208 ADELPHOE.
1891 162 1922 213 9

244 313 313 363 Vi
337 314 476 378 quod
499 313 574 375 fit,
601 329 756 377 quam
781 313 916 362 illud
941 314 1080 377 quod
1105 314 1336 363 amicitia
1360 313 1676 377 adiungitur.

244 395 365 443 Mea
389 394 462 444 sie
487 399 567 443 est
592 395 725 443 ratio
750 399 801 443 et
827 394 899 443 sie
924 394 1155 443 animum
1179 395 1369 443 induco
1394 411 1594 443 meum:

245 475 387 524 Malo
412 479 618 525 coaetus
645 475 736 539 qui
761 492 906 524 suom
932 474 1156 523 officium
1181 476 1326 537 facit,

244 555 383 604 Dum
407 556 463 605 id
487 556 733 605 rescitum
758 556 824 604 iri
849 556 1028 617 eredit,
1055 556 1314 619 tantisper
1339 561 1523 620 pauet3
1874 569 1923 606 70

247 636 301 685 Si
328 638 502 701 sperat
526 637 637 685 fore
663 637 812 698 elam,
839 635 1044 685 rursum
1070 638 1138 685 ad
1161 636 1428 698 ingenium
1453 637 1603 686 redit.

244 702 346 766 'I‘lle
371 718 525 782 quem
550 718 800 766 beneficio
825 717 1094 780 adiungas,
1121 734 1186 766 ex
1212 719 1386 767 animo
1411 719 1555 780 faeit,

247 799 433 848 Studet
456 799 550 862 par
575 799 784 860 referre,
812 800 1056 862 praesens
1083 800 1373 863 absensque
1399 799 1538 848 idem
1563 799 1675 847 erit.

245 880 360 928 Hoe
386 880 680 944 patriumst,
708 880 882 943 potius
909 881 1274 930 consuefacere
1301 880 1476 928 filium

247 961 352 1010 Sua
376 962 559 1024 sponte
585 966 722 1010 reete
748 962 919 1010 faeere
946 977 1102 1025 quam
1128 962 1299 1010 alieno
1324 966 1493 1010 metu:
1873 971 1920 1008 75

245 1043 361 1090 Hoe
386 1042 533 1105 pater
558 1057 616 1090 ae
641 1042 882 1105 dominus
908 1041 1139 1091 interest.
1201 1043 1298 1090 hoe
1325 1042 1417 1105 qui
1440 1043 1638 1106 nequit,

245 1123 493 1171 Fateatur
517 1123 716 1171 nescire
742 1122 998 1186 imperare
1023 1123 1216 1172 liberis.
1282 1123 1498 1188 (Demea
1522 1124 1867 1190 approaehes.)

247 1203 350 1252 Sed
374 1204 519 1252 e'stne
543 1203 628 1251 hie
654 1203 815 1266 ipsus,
844 1204 906 1252 de
932 1220 1033 1267 quo
1059 1204 1274 1266 agebam
1292 1206 1317 1252 ’.Ρ
1357 1209 1409 1252 et
1435 1205 1572 1252 certe
1596 1204 1642 1253 is
1668 1208 1760 1253 est.

243 1283 435 1333 Nescio
460 1284 588 1347 quid
611 1285 818 1333 tristem
842 1284 1023 1333 uideo:
1063 1286 1230 1346 eredo,
1257 1285 1362 1333 iam
1385 1284 1446 1333 ut
1471 1285 1604 1334 solet

245 1365 496 1427 Iurgabit.
561 1364 746 1429 (Emer
763 1367 969 1428 Demea,
997 1373 1081 1414 out
1104 1369 1168 1429 of
1182 1368 1406 1432 temper.)
1469 1366 1669 1415 saluom
1694 1370 1746 1415 te
1772 1366 1923 1415 adue-

378 1445 505 1507 nire,
532 1446 741 1509 Demea,
1759 1454 1762 1456 “
1823 1457 1827 1460 ’
1874 1457 1923 1494 80

248 1526 559 1579 Gaude'mus

1003 1630 1080 1678 So.
1119 1631 1166 1678 2.

248 1763 419 1805 Demea
437 1763 602 1816 having
624 1763 764 1804 heard
790 1764 891 1804 that
913 1764 1164 1804 Aeschinus
1188 1763 1276 1804 had
1305 1762 1418 1803 been
1447 1761 1645 1814 engaged
1671 1761 1719 1801 in
1744 1762 1820 1802 the
1848 1762 1925 1801 ab·

314 1833 499 1873 duction
521 1833 567 1873 of
588 1845 613 1873 a
634 1833 894 1884 musio-girl,
919 1833 1066 1872 leaves
1086 1832 1156 1872 his
1175 1831 1294 1872 farm
1315 1832 1361 1870 in
1381 1832 1457 1871 the
1479 1834 1669 1880 country
1691 1834 1737 1869 to
1758 1830 1924 1869 inform

316 1902 452 1943 Micio
472 1902 562 1942 and
582 1902 750 1942 rebuke
770 1902 863 1941 him
885 1901 957 1942 for
976 1902 1052 1941 the
1072 1901 1159 1941 evil
1179 1900 1342 1941 results
1363 1899 1410 1940 of
1432 1900 1502 1940 his
1527 1899 1763 1950 indulgent
1789 1902 1923 1938 treat-

317 1975 442 2011 ment
463 1971 510 2011 οἱ
529 1971 796 2015 Aeschinus,

727 2121 996 2167 DEMEA
1201 2118 1441 2164 M1010

978 2200 1139 2233 SENEs
1179 2199 1223 2231 11

681 2310 780 2350 DE.
830 2301 1012 2362 Ehem,
1039 2298 1359 2364 opportune:
1398 2303 1450 2346 te
1475 2298 1648 2360 ipsum
1674 2295 1924 2359 quaerito.

251 2390 350 2432 m.
401 2384 539 2442 Quid
562 2382 731 2432 tristis
757 2385 852 2432 es?
930 2389 1027 2428 DE.
1068 2380 1431 2445 (indiqnantly)
1470 2378 1644 2440 Rogas
1674 2378 1800 2427 me?
1839 2376 1929 2424 ubi

388 2464 537 2513 nobis
563 2463 878 2513 Aeschinust
895 2464 920 2510 ?

252 2545 380 2595 Scin
419 2545 525 2594 iam
568 2544 697 2608 quid
737 2543 906 2592 tristis
946 2543 1040 2605 ego
1082 2542 1220 2591 sim?
1301 2548 1397 2587 MI.
1437 2539 1505 2604 (to
1548 2541 1624 2587 the
1666 2538 1926 2604 audience)

387 2626 553 2673 Dixin
586 2625 683 2673 hoe
719 2624 831 2672 fore
850 2626 875 2672 ἱ)
1143 2637 1145 2639 ’
1620 2636 1624 2639 ·

319 2757 381 2794 69.
408 2754 543 2800 Malo,
564 2755 627 2792 i.e.
646 2755 740 2792 sear
758 2754 803 2792 of
821 2753 1105 2801 punishment.
1155 2753 1214 2790 70.
1240 2749 1287 2788 id
1305 2767 1341 2780 z
1361 2751 1474 2798 quod
1485 2750 1616 2795 facit.
1629 2746 1930 2794 —tantisper,

242 2813 344 2860 just
362 2812 537 2858 so'lonq.
587 2813 646 2849 71.
669 2809 914 2859 ingenium,
934 2809 1114 2846 natural
1131 2808 1394 2855 disposition.
1447 2808 1505 2844 74.
1528 2804 1791 2852 patriumst‚
1808 2806 1845 2842 is
1865 2805 1932 2844 the.

248 2870 363 2916 duty
382 2869 431 2915 of
447 2879 475 2906 a
487 2868 652 2915 father.
705 2869 765 2905 76.
793 2865 999 2912 interest,
1029 2867 1164 2913 clw'er.
1217 2866 1237 2902 7
1242 2866 1278 2901 8.
1306 2862 1445 2911 ipsus,
1467 2863 1567 2911 ipse.
