2132 3120
0 2188 64 3120 Wvumxwwwwwwaer
0 1906 16 1954 ’ω

42 3056 47 3058 ¹
41 3023 46 3035 ἰ
46 2258 55 2263 Ι

236 173 309 214 IV.
328 175 365 211 3.
385 173 494 211 12-4.
512 169 568 221 8.]
919 171 1231 208 ADELPHOE.
1838 158 1906 212 45

235 316 493 378 Tabescit‚
543 319 596 364 et
646 319 736 363 tuo
779 313 953 363 officio
1001 314 1165 363 fueris
1218 313 1444 363 functus.
1518 313 1610 362 sed
1661 313 1706 362 si
1755 313 1907 362 aliter

306 417 310 420 ·
367 401 537 461 putaS,

234 478 459 541 Egomet
495 477 715 526 narrabo
754 477 887 540 quae
924 476 1056 524 mihi
1095 475 1245 525 dixti.
1317 484 1415 523 ΜΙ.
1465 460 1633 524 Ϊιωῃο
1672 491 1765 537 ego
1806 476 1904 524 ibo,

367 566 472 606 HE.
523 558 664 606 Bene
690 557 849 606 facis:

234 639 441 701 Omnes,
491 638 679 702 quibus
727 653 809 687 res
858 643 981 687 sunt
1029 637 1202 686 minus
1253 638 1522 699 secundae,
1570 638 1735 700 magis
1786 642 1907 686 sunt

367 719 542 768 nescio
578 720 680 782 quo
713 719 866 767 modo
1835 729 1907 765 605

236 800 549 865 Suspiciosi:
590 801 657 848 ad
680 800 1050 849 contumeliam
1075 799 1250 848 omnia
1273 799 1536 863 accipiunt
1560 800 1752 865 magis:

232 882 453 945 Propter
479 897 625 930 suam
652 881 1002 944 inpotentiam
1028 896 1082 930 se
1109 882 1312 944 semper
1336 881 1554 929 credunt
1578 881 1757 929 lndier.

233 963 559 1026 Quapropter
583 967 636 1011 te
662 961 834 1026 ipsum
860 961 1080 1026 purgare
1106 962 1208 1025 ipsi
1233 963 1403 1010 coram
1429 961 1738 1025 placabilius
1764 967 1856 1010 est.

232 1051 330 1091 ΜΙ.
379 1044 451 1091 Et
475 1043 613 1091 recte
639 1047 692 1091 et
715 1058 898 1091 uerum
924 1042 1068 1092 dieis.
1141 1050 1246 1090 HE.
1299 1043 1524 1105 Sequere
1549 1057 1631 1090 me
1661 1042 1782 1103 ergo
1810 1042 1907 1090 hac

366 1122 518 1172 intro.
591 1131 687 1171 ΜΙ.
739 1111 999 1172 Maxume.
1075 1123 1228 1188 (Both
1256 1130 1391 1171 enter
1413 1122 1691 1172 Sostrata's
1714 1124 1903 1189 house.)

989 1329 1068 1378 So,
1107 1330 1152 1377 4.

233 1463 484 1505 Aeschinus
504 1464 542 1504 is
562 1463 607 1503 in
628 1468 754 1515 great
773 1463 960 1504 distress
979 1465 1168 1504 because
1191 1464 1248 1503 he
1277 1463 1436 1504 knows
1463 1463 1564 1503 that
1594 1462 1797 1504 Sostrata
1824 1463 1907 1503 has

301 1532 441 1574 heard
470 1533 609 1573 about
636 1533 713 1572 the
743 1532 987 1573 abduction
1009 1532 1057 1572 of
1077 1533 1152 1572 the
1172 1532 1432 1583 music-girl.
1498 1533 1566 1572 He
1587 1531 1766 1572 decides
1785 1536 1832 1572 to
1852 1543 1907 1583 go

301 1605 350 1642 to
370 1603 613 1643 Sostrata's
631 1602 765 1642 home
786 1601 877 1642 and
898 1601 1079 1652 explain
1098 1602 1170 1642 his
1189 1601 1394 1642 conduct.

313 1692 504 1792 [Enter
525 1727 806 1776 Aeschinus
827 1729 970 1789 from
996 1728 1072 1775 the
1096 1728 1288 1775 Forum
1311 1727 1500 1790 qreatly
1524 1690 1828 1792 depressed]

844 1860 1293 1909 AESCHINVS

895 1937 1242 1976 ADVLESCENS

237 2043 622 2111 (soliloquizinq)
660 2043 958 2093 Discrucior
983 2043 1172 2092 animi:
1807 2053 1907 2089 6102,

233 2123 438 2173 Hocine
463 2125 528 2173 de
551 2125 820 2188 inprouiso
844 2125 970 2172 mali
994 2124 1125 2172 mihi
1150 2124 1284 2173 obici
1308 2125 1530 2186 tantum,
1806 2134 1907 2170 6101)

233 2187 307 2255 Vt
329 2220 498 2269 neque
522 2205 650 2269 quid
673 2206 755 2253 me
780 2205 970 2253 faciam
995 2205 1089 2253 nee
1115 2205 1243 2268 quid
1268 2221 1418 2268 agam
1444 2202 1642 2253 certum
1668 2206 1764 2254 sit!

233 2285 471 2335 Membra
494 2291 638 2334 metu
663 2286 857 2334 debilia
881 2284 1030 2347 sunt3
1069 2286 1272 2334 animus
1298 2286 1483 2334 timore

237 2354 534 2430 Obstipuit3
572 2368 780 2430 pectore
805 2366 1088 2416 consistere
1113 2367 1189 2414 nil
1214 2366 1399 2415 consili
1425 2366 1552 2430 quit.

233 2447 365 2509 Vah,
392 2449 494 2511 quo
518 2448 670 2496 modo
694 2448 791 2496 hac
815 2463 897 2495 me
923 2447 1198 2511 expediam
1222 2447 1417 2496 turba?
1453 2448 1602 2496 tanta
1625 2463 1763 2496 nunc

236 2526 472 2591 Suspicio
497 2529 558 2576 de
584 2543 666 2576 me
691 2527 904 2590 incidit3
1835 2539 1906 2576 615

234 2608 420 2672 Neque
445 2624 506 2657 ea
529 2608 798 2657 inmerito:
841 2609 1079 2658 Sostrata

300 2748 386 2786 603.
415 2746 575 2786 officio:
607 2749 679 2786 the
705 2748 806 2796 only
830 2748 1066 2796 exception,
1093 2748 1129 2784 if
1155 2759 1254 2796 any,
1280 2748 1325 2785 in
1350 2748 1471 2797 early
1494 2749 1620 2787 Latin
1646 2752 1690 2786 to
1717 2750 1790 2787 the
1817 2761 1904 2788 acc.

234 2804 342 2842 with
374 2805 461 2842 this
494 2806 613 2843 verb.
686 2806 772 2842 611.
808 2803 916 2852 quid
948 2813 1020 2842 me
1053 2803 1235 2850 faciam,
1270 2805 1384 2843 what
1419 2805 1507 2843 will
1541 2805 1704 2843 become
1741 2807 1792 2853 os
1825 2817 1905 2844 me.

235 2861 320 2898 614.
346 2859 498 2906 turba,
524 2862 766 2908 confusion.
