2132 3120
319 157 387 208 64
1035 170 1278 207 TERENTI
1497 170 1565 218 [v.
1585 172 1622 209 3.
1643 170 1718 218 (6.)
1741 173 1824 211 2-4.
1847 172 1919 220 (7.)
1939 175 1977 212 6.

317 309 615 358 Accersant.
673 309 919 374 (observes
965 311 1179 377 Demea)
1236 312 1327 360 sed
1374 317 1548 360 eccum
1595 313 1855 362 Demeam.
1910 314 1979 379 (to

450 391 663 456 Demea)
705 390 877 439 saluos
904 391 1019 440 sies.
1909 405 1981 443 890

316 479 415 517 DE.
467 471 509 519 Ο
545 470 636 534 qui
671 473 898 519 uocare?
969 479 1067 519 GE.
1119 473 1264 521 Geta.
1337 482 1435 521 DE.
1479 473 1614 537 (with
1645 490 1679 522 α
1710 490 1826 536 very
1857 476 1980 523 kind

450 553 681 617 manner)
723 552 872 613 Geta,
899 551 1161 600 hominem
1186 553 1417 601 maxumi

317 630 463 679 Preti
486 636 538 679 te
564 647 675 680 esse
700 632 854 679 hodie
881 631 1108 680 iudicaui
1133 633 1305 681 animo
1329 649 1468 696 meo3

316 713 453 759 Nam
478 711 523 760 is
549 711 679 759 mihi
704 712 993 775 profectost
1020 714 1195 762 seruos
1223 713 1484 776 spectatus
1511 715 1652 776 satis,

316 791 448 848 Quoi
474 792 711 841 dominus
737 797 954 854 curaest,
984 792 1060 841 ita
1085 794 1164 841 uti
1189 793 1286 842 tibi
1313 794 1466 855 sensi,
1494 795 1642 856 Geta,

316 873 385 919 Et
410 871 507 920 tibi
531 873 596 921 ob
620 888 732 921 eam
757 889 879 934 rem,
908 873 953 922 si
978 874 1105 937 quid
1130 891 1256 923 usus
1282 875 1500 936 uenerit,
1907 886 1979 925 895

316 951 525 1001 Lubens
551 953 680 1001 bene
705 954 883 1002 faxim.
926 954 1110 1021 (aeide)
1150 955 1372 1003 meditor
1398 970 1509 1004 esse
1535 955 1795 1018 adfabilis,

316 1033 385 1080 Et
409 1033 538 1081 bene
563 1034 810 1096 procedit.
883 1042 981 1082 GE.
1033 1036 1208 1084 Bonus
1234 1051 1304 1096 es,
1332 1051 1487 1098 quom
1512 1035 1638 1084 haec
1664 1035 1960 1087 existumas.

316 1122 413 1161 DE.
456 1113 639 1180 (aeide)
678 1115 942 1163 Paulatim
967 1116 1171 1178 plebem
1196 1115 1479 1179 primulum
1503 1116 1640 1164 facio
1663 1131 1843 1165 meam.

983 1299 1061 1347 Sc.
1100 1300 1144 1346 4.
1221 1298 1321 1365 [7.]

316 1437 486 1477 Demea
514 1448 691 1478 secures
720 1438 795 1478 the
821 1438 919 1478 love
948 1438 995 1478 of
1023 1438 1273 1479 Aeschinus
1302 1439 1362 1490 by
1389 1439 1597 1491 assisting
1625 1440 1718 1479 him
1746 1443 1793 1480 to
1819 1440 1979 1481 hasten

981 1507 1057 1547 the
1076 1507 1307 1559 marriage.

362 1636 550 1701 [Emer
572 1638 853 1686 Aeschinus
873 1642 1018 1700 from
1043 1639 1243 1687 Micio's
1266 1641 1429 1701 house,
1455 1641 1656 1688 without
1679 1642 1936 1704 observinq

1029 1721 1262 1785 Demea]

380 1859 825 1909 AEscvas
952 1863 1224 1909 DEMEA
1345 1862 1586 1910 SYRVS
1707 1863 1911 1911 GETA

430 1940 773 1975 ADVLESCENS
999 1943 1175 1976 SENEX
1534 1944 1692 1976 SERVI
1718 1945 1762 1976 11

314 2043 430 2093 AB(
461 2045 811 2112 (soliloquizes)
852 2045 1110 2096 Occidunt
1138 2062 1219 2094 me
1250 2046 1475 2109 quidem,
1502 2045 1625 2095 dum
1651 2047 1810 2096 nimis
1837 2062 1978 2096 sanc-

447 2130 528 2174 tas
554 2125 764 2189 nuptias

316 2207 540 2255 Student
565 2206 762 2255 facere:
801 2206 857 2253 in
882 2207 1179 2269 adparando
1204 2205 1513 2256 consumunt
1538 2207 1688 2255 diem.
1904 2218 1978 2255 900

312 2279 412 2334 DE,
467 2286 544 2350 (in
581 2303 614 2334 a
643 2289 871 2349 friendly
907 2289 1037 2352 tone)
1088 2287 1227 2344 Quid
1268 2287 1454 2348 agitur,
1493 2286 1754 2336 Aeschine
1773 2289 1798 2336 ⁸?
1869 2295 1973 2336 AB.

445 2351 628 2428 Ehem,
654 2372 804 2430 pater
827 2367 914 2428 mi,
940 2371 1000 2415 tu
1024 2366 1108 2415 hic
1134 2382 1246 2416 eras
1265 2369 1290 2415 ‘?

312 2455 412 2495 DE.
462 2449 600 2496 Tuos
625 2447 796 2495 hercle
821 2463 945 2495 uero
970 2452 1023 2495 et
1047 2447 1219 2495 animo
1245 2452 1296 2495 et
1320 2448 1507 2496 natura
1530 2452 1692 2511 pater,

313 2527 413 2584 Qui
453 2521 504 2575 te
547 2532 687 2576 amat
731 2528 848 2591 plus
897 2543 1053 2591 quam
1099 2527 1253 2576 hosce
1300 2528 1487 2576 oculos.
1561 2529 1652 2582 sed
1697 2543 1826 2591 quor
1871 2528 1975 2576 non

447 2608 654 2656 domum

311 2688 538 2737 onrem
564 2688 781 2736 accersis
801 2691 825 2736 ¹?
885 2696 988 2735 AB.
1029 2687 1222 2751 Cupi03
1259 2704 1439 2736 uerum
1464 2688 1559 2736 hoc
1578 2687 1708 2735 mshi
1733 2691 1970 2749 moraest,

502 2821 587 2858 891.
615 2818 693 2868 qui
709 2837 745 2850 =
762 2830 842 2868 quo
861 2821 1047 2859 nomine.
1106 2821 1191 2859 893.
1218 2810 1481 2868 profectost,
1501 2820 1710 2868 certainly
1729 2820 1780 2858 is.
1801 2859 1803 2861 ,
