2132 3120
235 153 307 191 111.
327 154 363 191 3.
382 150 536 201 3250]
919 149 1232 187 ADELPHOE.
1843 137 1910 189 31

234 295 380 347 Istuc
405 300 484 346 est
509 310 704 359 sapere,
730 294 835 342 n6n
860 294 1000 357 quod
1024 298 1145 342 ante
1170 293 1329 356 pedes
1354 292 1561 341 modost

233 378 439 439 Videre,
467 377 559 426 sed
583 376 741 424 etiam
767 375 860 423 illa
885 390 1016 438 quae
1042 373 1223 423 futura
1247 378 1370 423 sunt
1507 382 1515 388 ’

233 457 549 522 Prospicere.
633 464 733 504 DE.
784 455 961 513 Quid?
1018 459 1181 504 Istaec
1222 455 1324 503 iam
1369 469 1528 518 penes
1569 468 1665 503 uos
1707 452 1913 517 psaltri-

367 542 450 588 ast
465 540 491 586 ?

234 627 339 668 SY.
388 619 563 668 Ellam
610 617 767 667 intus.
856 625 956 664 DE.
1011 617 1372 683 (indiqnantly)
1423 615 1554 678 Eho,
1604 622 1672 664 an
1719 614 1912 664 domist

365 700 641 749 habiturus
658 702 683 748 ?
756 706 862 746 SY.
914 698 1094 759 Credo,
1121 702 1181 746 ut
1206 702 1286 747 est

232 781 523 830 Dementia.
595 787 696 827 DE.
738 779 876 844 (with
901 781 1112 841 uplvjfted
1131 780 1314 846 hands)
1354 778 1559 827 Haecin
1578 777 1728 827 fieri!
1802 784 1908 825 SY.

366 863 557 925 Inepta
580 861 771 910 lenitas
1840 869 1913 905 390

232 942 408 992 Patris
434 943 486 992 et
511 942 740 991 facilitas
764 942 939 1005 praua.
1012 949 1111 988 DE.
1163 941 1363 990 Fratris
1389 941 1471 989 me
1496 940 1709 1004 quidem

231 1024 405 1073 Pudet
423 1023 686 1087 pigetque.
760 1030 866 1071 SY.
921 1022 1333 1088 (insinuatinqu)
1372 1021 1612 1070 Nimium
1637 1021 1775 1070 inter
1799 1037 1908 1083 uos,

365 1106 575 1166 Demea,
870 1116 875 1120 '

235 1184 379 1250 (Non
403 1185 527 1249 quia
550 1186 672 1234 ades
698 1199 942 1248 praesens
969 1185 1085 1233 dieo
1109 1184 1227 1251 hoe)
1255 1183 1571 1247 pernimium
1596 1183 1827 1233 interest.

230 1268 325 1328 Tu,
352 1266 578 1330 quantus
604 1266 863 1329 quantu’s‚
890 1265 966 1313 nss
992 1265 1097 1314 nisi
1126 1265 1387 1328 sapientia
1411 1281 1481 1326 es,

230 1335 331 1397 ille
356 1347 628 1396 s6mnium.
699 1364 822 1395 num
848 1346 1042 1395 sineres
1067 1361 1191 1394 uero
1216 1344 1368 1393 illum
1392 1350 1537 1394 tuom
1837 1357 1909 1394 395

229 1429 420 1477 Facere
454 1428 624 1477 haee?
710 1435 811 1475 DE.
864 1427 1096 1476 Sinerem
1134 1427 1326 1495 illum?
1376 1431 1467 1475 aut
1512 1428 1618 1475 n6n
1654 1442 1744 1476 sex
1779 1428 1908 1477 totis

362 1509 628 1559 mensibus

228 1590 384 1639 Prius
409 1590 720 1651 elfecissem,
749 1590 904 1653 quam
929 1589 1021 1637 ille
1048 1589 1327 1652 quiequam
1353 1590 1592 1653 coeperet
1610 1591 1635 1638 ἱ)

229 1678 335 1719 SY.
384 1671 730 1733 Vigilantiam
755 1675 900 1719 tuam
925 1669 985 1719 tu
1009 1670 1140 1718 mihi
1165 1685 1347 1719 narras
1363 1672 1388 1718 ?
1459 1678 1559 1718 DE.
1613 1669 1696 1719 Sic
1723 1670 1823 1719 siet

228 1752 387 1800 Modo
415 1756 476 1800 ut
507 1750 644 1800 nune
681 1756 775 1813 est,
813 1767 1018 1815 quaeso.
1092 1759 1198 1799 SY.
1248 1752 1322 1800 Vt
1351 1750 1572 1815 quisque
1611 1767 1759 1801 suom
1793 1751 1907 1800 uolt

362 1834 488 1894 e'sse,
515 1833 656 1882 itast.

227 1921 327 1962 DE.
380 1914 517 1979 (with
555 1916 831 1976 pretended
884 1915 1223 1980 indzjfference)
1275 1913 1413 1971 Quid
1467 1912 1626 1962 eum?
1680 1914 1906 1963 uidistin

359 1994 557 2044 h6die?
627 2002 733 2043 SY.
786 1996 1019 2043 Tuomne
1045 1994 1222 2042 filium
1241 1996 1266 2043 ἵ)
1831 2007 1906 2043 400

232 2074 416 2143 (aside)
454 2076 680 2138 Abigam
721 2074 860 2125 hune
899 2092 1000 2125 rus.
1077 2075 1146 2140 (to
1182 2077 1397 2143 Demea)
1436 2076 1541 2124 iam
1580 2076 1777 2125 dudum
1816 2078 1906 2126 ali-

361 2157 490 2221 quid
513 2158 621 2206 ruri
646 2173 797 2219 agere
822 2157 1058 2206 arbitror.

226 2244 326 2286 DE.
379 2238 529 2288 Satin
554 2237 654 2288 seis
683 2238 758 2287 ibi
788 2254 900 2288 esse
919 2240 944 2287 ἵ)
1016 2246 1121 2286 SY.
1173 2238 1269 2300 Oh,
1297 2238 1388 2302 qui
1425 2239 1629 2301 egomet
1662 2240 1900 2302 produxi.

359 2326 458 2366 DE.
511 2307 817 2382 Optumest:

226 2399 396 2448 Metui
419 2415 484 2447 ne
507 2399 744 2448 haereret
767 2399 866 2448 hic.
941 2407 1046 2448 SY.
1097 2399 1274 2463 Atque
1299 2400 1492 2448 iratum
1517 2401 1810 2449 admodum.

226 2487 326 2528 DE.
376 2481 515 2538 Quid
550 2479 723 2529 autem
742 2483 767 2528 ‘2
840 2488 946 2529 SY.
997 2480 1255 2530 Adortust
1296 2479 1465 2543 iurgio
1500 2481 1721 2530 fratrem
1763 2482 1902 2546 apud

359 2561 532 2609 forum

292 2715 376 2754 388.
401 2724 538 2763 penes
559 2724 655 2762 uos,
675 2717 723 2755 in
741 2727 852 2763 your
869 2717 1012 2755 house.
1064 2717 1150 2755 389.
1177 2718 1232 2754 ut
1257 2718 1340 2763 est,
1361 2718 1465 2755 such
1486 2718 1538 2754 is.
1590 2718 1674 2756 394.
1700 2719 1900 2766 quantus

225 2773 456 2819 quantum,
476 2774 543 2811 i.e.
561 2774 671 2811 from
690 2774 798 2812 head
818 2778 861 2811 to
880 2774 984 2812 soot.
1026 2775 1108 2811 395.
1131 2772 1368 2821 somnium,
1389 2786 1416 2812 a
1433 2776 1641 2813 dreamer.
1685 2776 1767 2814 397.
1792 2774 1900 2816 olfe-

226 2826 400 2875 cissam,
419 2830 526 2868 have
545 2835 617 2877 yot
635 2832 752 2868 wind
769 2832 819 2878 of
835 2833 880 2868 it.
933 2833 1017 2869 404.
1045 2829 1207 2879 iurgio,
1229 2832 1415 2879 quarrel.
