2132 3120
309 141 378 193 58
1022 150 1265 188 TERENTI
1476 151 1564 199 [lv.
1586 153 1643 189 10.
1666 152 1734 199 (v.
1752 151 1809 199 3.)
1833 153 1963 192 15-38.

226 351 231 356 .
307 293 443 340 Mihi
467 292 604 340 idem
630 292 710 340 ius
736 296 1005 355 aequomst
1030 293 1141 340 osse
1167 292 1305 355 quod
1330 292 1581 342 mecumst
1605 294 1703 342 tibi
1719 296 1746 343 ‘3

307 374 521 430 Quando
546 374 639 434 ego
663 378 806 420 tuom
831 388 935 420 non
959 371 1093 433 curo,
1120 388 1184 420 ne
1210 374 1331 422 cura
1354 390 1538 422 meum.

305 461 400 500 ΜΙ.
451 454 573 500 Non
614 453 829 515 aequom
873 452 1015 501 dicis.
1099 462 1198 500 DE.
1247 454 1409 502 Non?
1491 462 1588 502 ΜΙ.
1637 455 1775 503 Nam
1814 458 1966 504 uetus

437 533 653 580 uerbum
676 533 773 580 hoc
798 533 1075 595 quidemst,

306 612 612 661 Communia
636 628 746 661 esse
773 613 1052 661 amicorum
1078 613 1215 661 inter
1241 629 1294 661 se
1319 614 1504 662 omnia.

304 701 402 741 DE.
456 693 757 758 (ironically)
796 693 984 741 Facete
1007 695 1016 742 3
1067 709 1203 741 nunc
1250 694 1457 741 demum
1499 693 1658 743 istaec
1698 699 1824 744 nata
1862 696 1967 744 oro-

437 774 578 821 tiost.
1894 786 1967 823 805

303 862 399 901 M1.
450 852 705 902 Ausculta
728 853 922 916 paucis,
949 853 1051 902 nisi
1076 853 1418 915 molestumst,
1446 855 1653 903 Demea.

304 934 585 996 Principio,
615 934 658 982 si
682 934 739 981 id
762 938 814 981 te
839 934 1056 994 mordet,
1085 939 1349 997 sumptum
1374 933 1479 981 filii

304 1015 464 1071 Quem
489 1014 706 1074 faciunt,
733 1029 923 1076 quaeso
946 1014 1043 1062 hoc
1068 1014 1228 1062 facito
1251 1019 1422 1062 tecum
1446 1014 1640 1077 cogites
1660 1033 1670 1063 :

303 1096 384 1142 Tu
407 1094 526 1143 illos
553 1095 654 1142 duo
679 1094 803 1142 olim
827 1095 920 1157 pro
945 1110 999 1141 re
1024 1094 1243 1143 tollebas
1262 1099 1367 1156 tua,

303 1175 451 1232 Quod
477 1175 602 1223 satis
628 1175 849 1237 putabas
874 1173 966 1222 tua
990 1175 1123 1222 bona
1147 1173 1393 1224 ambobus
1418 1176 1546 1236 fore,
1681 1236 1683 1239 .
1895 1185 1968 1222 810

303 1256 372 1303 Et
397 1255 478 1303 1116
501 1259 610 1303 tum
638 1270 851 1302 uxorem
877 1255 1145 1303 credidisti
1172 1254 1370 1303 scilicet

303 1335 608 1383 Ducturum.
679 1335 895 1383 eandem
920 1335 1066 1383 illam
1091 1335 1344 1383 rationem
1370 1335 1639 1398 antiquam
1663 1335 1838 1385 obtine
1859 1354 1868 1384 :

304 1416 579 1476 Conse'rua,
606 1431 808 1478 quaere,
836 1416 1002 1478 parce,
1029 1416 1112 1463 fac
1138 1431 1292 1478 quam
1316 1414 1598 1478 plurimum

303 1495 420 1545 Illis
447 1496 710 1558 relinquas
734 1515 742 1543 :
783 1496 1000 1556 gloriam
1026 1500 1083 1543 tu
1109 1495 1263 1544 istam
1288 1495 1475 1543 obtine.

303 1578 436 1637 Mea,
464 1577 595 1639 quae
619 1580 823 1639 praeter
850 1591 993 1638 spem
1020 1576 1251 1636 euenere,
1277 1574 1492 1623 utantur
1517 1575 1642 1624 sine.
1893 1586 1965 1625 815

303 1658 381 1704 De
407 1656 607 1706 summa
630 1656 706 1703 nil
733 1657 971 1704 dece‘det:
1012 1656 1151 1719 quod
1174 1656 1296 1704 111110
1322 1656 1611 1717 accesserit,

303 1738 368 1785 Id
393 1738 457 1785 de
482 1738 624 1785 lucro
649 1737 832 1799 putato
857 1752 968 1785 esse
994 1752 1157 1784 omne.
1229 1737 1355 1785 haec
1381 1736 1427 1786 si
1450 1737 1594 1786 uoles

302 1819 369 1865 In
393 1818 566 1866 animo
589 1833 710 1865 uere
736 1817 976 1878 Cogitate,
1004 1818 1212 1878 Demea,

302 1900 372 1946 Et
398 1899 469 1945 mi
495 1899 546 1946 ot
570 1898 669 1946 tibi
694 1902 746 1945 et
768 1898 876 1946 11118
904 1897 1188 1960 dempseris
1214 1897 1519 1946 molestiam.

301 1988 401 2026 DE.
452 1978 612 2026 Mitto
659 1993 766 2026 rem
786 1997 794 2025 ε
848 1977 1276 2026 consuetudinem
1323 1976 1588 2026 amborum
1638 2015 1647 2024 .
1704 2015 1712 2025 .
1771 2015 1779 2024 .
1863 1984 1960 2025 M1.

437 2060 592 2107 Mane
614 2078 623 2106 :
1892 2067 1966 2103 820

305 2140 447 2189 Scio:
487 2139 621 2188 istuc
647 2139 801 2187 ibam.
871 2137 1038 2186 multa
1059 2138 1115 2185 in
1139 2138 1362 2199 homine,
1389 2138 1598 2199 Demea,

271 2212 277 2217 ⁸
305 2221 464 2282 Signa
488 2220 680 2280 insunt,
708 2234 771 2267 ex
796 2219 982 2282 quibus
1008 2219 1303 2267 coniectura
1326 2218 1479 2266 facile
1497 2218 1572 2279 fit,

303 2302 420 2348 Duo
445 2301 599 2363 quom
624 2300 763 2348 idem
787 2299 1003 2359 faciunt,
1031 2300 1182 2362 saepe
1206 2303 1264 2346 ut
1288 2299 1455 2361 possis
1482 2298 1649 2366 dicere

305 2386 316 2409 ⁶
331 2382 445 2429 Hoc
471 2380 592 2429 licet
616 2381 811 2443 inpune
836 2380 1006 2428 facere
1031 2379 1168 2439 huic,
1194 2379 1274 2426 illi
1300 2379 1403 2426 11611
1426 2379 1578 2439 licet,’

369 2540 455 2576 805.
483 2538 609 2576 Nunc
637 2566 645 2575 .
678 2566 686 2574 .
718 2566 726 2575 .
754 2536 969 2575 oratiost:
1002 2537 1127 2574 Micio
1154 2537 1237 2574 had
1262 2536 1507 2584 previously
1526 2535 1705 2573 claimed
1731 2546 1756 2573 a
1781 2535 1964 2573 divi-sion

302 2596 347 2632 of
373 2595 513 2632 duties
535 2596 725 2632 between
749 2595 920 2631 himself
946 2594 1030 2631 and
1056 2594 1241 2630 brother.
1293 2594 1376 2630 807.
1403 2593 1653 2638 sumptum:
1682 2591 1892 2629 attracted
1918 2594 1964 2628 to

302 2663 398 2689 case
426 2652 472 2688 of
500 2662 639 2698 quem.
708 2651 794 2688 808.
826 2648 965 2688 facito
995 2678 1002 2686 .
1034 2678 1042 2686 .
1074 2677 1082 2686 .
1110 2647 1300 2697 cogites:
1336 2648 1680 2686 circumlocution
1710 2648 1779 2685 for
1808 2648 1961 2694 coyita.

302 2709 387 2745 816.
416 2716 605 2753 summa,
633 2707 699 2744 i.e.
725 2708 797 2744 the
828 2710 1029 2754 property
1055 2706 1099 2742 of
1128 2703 1493 2750 Demea—hinc,
1520 2705 1588 2742 i.e.
1617 2704 1780 2741 Micio’s
1805 2714 1965 2750 posses·

304 2765 430 2802 sions.
482 2765 567 2801 820.
595 2772 704 2810 rem,
727 2760 1346 2811 money-consuetudinem,
1377 2762 1608 2800 character.
1659 2761 1744 2799 821.
1771 2757 1902 2807 istuc,
1923 2763 1963 2797 to

306 2821 398 2858 that
417 2820 591 2867 subject.
