2132 3120
336 158 402 211 66
1049 169 1291 208 TERENTI
1637 171 1705 221 [v.
1723 174 1761 210 5.
1786 172 1862 221 (8.)
1886 175 1992 212 1—13.

993 353 1071 402 So.
1111 355 1155 402 5.
1234 353 1335 420 [8.]

335 496 469 536 Micio
503 496 538 536 is
569 496 818 547 persuaded
847 497 908 547 by
938 498 1109 537 Demea
1137 501 1183 537 to
1213 509 1363 549 marry
1396 498 1596 539 Sostrata
1626 498 1716 539 and
1745 503 1792 540 to
1817 500 1918 552 give
1947 503 1996 542 to

770 565 912 616 Hegio
933 577 959 605 a
979 565 1092 605 little
1112 566 1234 616 piece
1255 566 1302 606 of
1320 571 1544 618 property.

448 699 630 765 [Emer
652 701 810 747 Micio
836 702 978 761 from
1004 702 1083 748 his
1107 703 1270 762 house,
1297 704 1351 748 in
1375 709 1513 764 qreat
1538 704 1883 769 amaze‘ment]

599 844 814 891 MIOIO
951 845 1200 892 DEMEA
1335 859 1728 894 AESCHINUS

755 926 916 958 SENEs
954 926 998 957 11
1355 926 1698 961 ADVLESCENS

332 1033 428 1072 ΜΙ.
482 1024 551 1088 (to
576 1027 708 1073 slave
744 1028 939 1088 tearinq
963 1029 1105 1074 down
1131 1028 1207 1074 the
1235 1029 1368 1093 wall)
1408 1028 1562 1076 Iubet
1585 1028 1748 1077 frater
1766 1029 1791 1076 ?
1827 1027 1917 1076 ubi
1950 1027 1996 1077 is

466 1110 545 1154 est
563 1108 587 1153 ἵ)
629 1105 697 1169 (to
723 1107 933 1172 Demea)
971 1105 1066 1154 ‘min
1091 1106 1236 1155 iubes
1262 1107 1372 1168 hoo,
1400 1108 1595 1156 Demea
1613 1110 1638 1156 ?

331 1194 431 1233 DE.
480 1187 591 1248 Ego
615 1187 738 1234 uero
763 1186 914 1234 iubeo
939 1190 990 1234 et
1013 1187 1109 1235 hae
1135 1203 1188 1235 re
1213 1191 1266 1235 et
1291 1187 1407 1236 aliis
1433 1189 1669 1237 omnibus
1926 1198 1998 1236 925

332 1267 496 1323 Quam
522 1266 759 1314 maxume
785 1282 941 1314 unam
966 1267 1135 1315 faeere
1160 1283 1253 1316 nos
1277 1268 1410 1316 hano
1436 1268 1706 1330 familiam,

333 1346 527 1407 Colere,
555 1347 815 1408 adiuuare,
844 1346 1136 1409 adiungere.
1209 1355 1312 1395 AE.
1352 1349 1438 1396 Ita
1462 1349 1666 1412 quaeso,
1693 1353 1854 1412 pater.

331 1435 427 1474 ΜΙ.
478 1428 638 1475 Haud
678 1427 830 1476 aliter
877 1443 1073 1476 censeo.
1162 1438 1262 1477 DE.
1301 1414 1468 1477 smmo
1514 1429 1686 1477 hercle
1724 1429 1804 1487 ita
1849 1428 1996 1479 nobis

468 1508 626 1555 decet.

332 1574 567 1635 Primum
591 1587 746 1636 huius
771 1588 975 1637 uxoris’c
999 1589 1177 1637 mater.
1250 1597 1345 1637 ΜΙ.
1385 1591 1496 1638 Est.
1569 1590 1696 1653 quid
1719 1590 1899 1653 postea
1915 1592 1941 1638 ?

332 1677 430 1715 DE.
480 1669 651 1716 Proba
702 1669 754 1716 et
805 1669 1051 1717 modesta.
1150 1677 1246 1716 ΜΙ.
1302 1671 1388 1718 Ita
1442 1670 1601 1718 aiunt.
1700 1679 1799 1718 DE.
1853 1671 1998 1719 Natu

467 1749 722 1810 grandior.
1926 1762 1999 1799 930

332 1837 428 1876 ΜΙ.
476 1829 603 1877 Soio.
665 1837 763 1878 DE.
803 1829 990 1877 Parere
1010 1829 1113 1878 iam
1134 1830 1223 1878 diu
1242 1830 1369 1879 haee
1388 1846 1479 1894 per
1499 1846 1661 1880 annos
1678 1832 1781 1879 non
1799 1835 1994 1894 potest3

332 1910 443 1957 Nee
469 1909 559 1972 qui
584 1909 695 1957 eam
716 1910 961 1972 respiciat
986 1909 1260 1973 quisquam
1281 1915 1386 1959 est:
1426 1911 1600 1960 solast.
1671 1919 1768 1959 ΜΙ.
1811 1912 1994 1979 (aeide)

466 1990 630 2046 Quam
655 1988 738 2037 hio
764 2005 872 2037 rem
898 1990 1006 2051 agit
1024 1993 1049 2038 ἱ)

331 2078 430 2117 DE.
481 2070 633 2117 Hane
653 2074 703 2117 te
725 2070 995 2132 aequomst
1015 2071 1213 2132 ducere,
1238 2070 1307 2135 (to
1326 2071 1625 2137 Aeschinus)
1649 2072 1700 2119 et
1718 2075 1770 2119 te
1789 2087 1996 2135 operam

464 2155 523 2197 ut
547 2149 639 2197 fia‘t
664 2150 799 2198 dare.

331 2238 427 2277 ΜΙ.
480 2229 797 2296 (αετοηηᾱεά)
836 2232 922 2279 Me
943 2230 1127 2279 ducere
1148 2236 1321 2279 autem
1338 2233 1363 2279 ἱ)
1431 2240 1531 2279 DE.
1571 2232 1657 2280 Te.
1728 2240 1825 2280 MI.
1865 2233 1951 2280 Me
1969 2234 1994 2280 ?

464 2319 563 2358 DE.
603 2312 674 2358 Te
701 2311 928 2374 inquam.
1001 2320 1097 2359 ΜΙ.
1137 2312 1353 2375 Ine'ptis.
1426 2320 1524 2359 DE.
1567 2312 1621 2360 Si
1645 2316 1704 2360 tu
1729 2311 1800 2361 sis
1825 2312 1993 2373 homo,

331 2390 435 2438 Hie
460 2391 634 2439 faeiat.
708 2399 811 2439 ΑΒ.
863 2391 941 2439 Μ1
966 2393 1113 2454 pater
1135 2394 1144 2439 1
1214 2400 1311 2439 ΜΙ.
1366 2391 1722 2458 (v'ndiynantly)
1767 2391 1917 2453 Quid,
1937 2396 1996 2440 ‘cu

465 2476 637 2519 autem
662 2472 797 2532 huio,
824 2472 983 2532 asine,
1011 2472 1272 2520 auscultas
1293 2475 1318 2520 ἱ)
1387 2481 1485 2520 DE.
1535 2471 1627 2520 Nil
1654 2472 1795 2534 agis:
1924 2482 1995 2519 935

330 2551 471 2599 Fieri
497 2551 648 2599 aliter
672 2568 775 2599 non
800 2553 986 2614 potest.
1057 2560 1154 2599 ΜΙ.
1208 2552 1344 2615 (with
1380 2555 1658 2616 increasinq
1689 2554 1991 2618 eaecitement)

464 2632 682 2680 Deliras.
756 2640 859 2679 ΑΒ.
913 2631 1033 2680 Sine
1058 2637 1109 2680 te
1135 2648 1355 2694 exorem,
1382 2632 1454 2680 mi
1478 2637 1637 2696 pater.

396 2786 479 2821 932.
508 2783 738 2831 respiciat,
760 2785 898 2823 would
925 2785 970 2823 be
996 2786 1188 2833 minclsul
1213 2787 1271 2833 of.
1323 2787 1407 2823 935.
1436 2783 1574 2829 asine,
1600 2784 1989 2823 blockhead.—au-

330 2840 518 2886 scultas,
540 2842 678 2879 listen.
