2132 3120
337 154 405 208 56
1052 170 1297 210 TERENTI
1551 172 1639 220 [IV.
1659 174 1695 211 9.
1720 174 1790 220 (V.
1808 172 1865 220 2.)
1889 175 1996 212 1-11.

806 361 884 410 Sc.
924 364 968 410 9.
1045 361 1229 428 [Actus
1253 363 1314 412 V.
1345 363 1420 411 Sc.
1448 364 1522 428 2.]

338 513 432 553 The
452 512 572 554 slave
592 514 759 554 Dromo
779 525 928 555 comes
959 519 1005 555 to
1034 515 1111 555 tell
1142 515 1280 567 Syrus
1310 516 1409 556 that
1434 515 1642 567 Ctesipho
1662 520 1806 557 wants
1832 516 1926 556 him
1953 520 2000 557 to

406 593 531 622 come
551 582 610 623 in.
674 584 844 623 Demea
863 584 1109 634 thereupon
1138 588 1338 634 suspects
1366 584 1466 624 that
1495 585 1562 624 his
1589 596 1670 625 son
1693 585 1731 625 is
1751 584 1892 625 inside
1913 584 2001 626 and

406 650 677 692 determines
697 656 744 692 to
764 651 898 692 know
918 653 965 692 in
986 653 1099 703 spite
1120 653 1167 693 of
1188 653 1339 704 Syrus'
1364 653 1517 693 efforts
1536 657 1583 693 to
1602 649 1789 704 prevent
1807 653 1916 696 him.

664 799 882 864 [Dromo
907 803 1085 862 speaks
1105 804 1247 862 from
1271 801 1471 849 Micio's
1493 801 1678 867 house]

605 952 852 1019 DRono
1069 953 1288 1002 SYRvs
1490 955 1738 1001 DEMEA

661 1034 803 1067 PVER
1082 1035 1280 1068 SERvos
1447 1038 1451 1043 ·
1526 1035 1700 1068 SENEX

338 1155 439 1197 DR.
491 1147 640 1196 Heus
675 1146 818 1212 Syre,
845 1152 992 1210 rogat
1023 1153 1075 1196 te
1109 1148 1357 1211 Ctesipho
1391 1153 1451 1196 ut
1485 1149 1678 1197 redeas.
1739 1155 1845 1196 SY.
1883 1147 2000 1197 Abi.

475 1227 742 1292 (W'inkinq
765 1236 813 1276 to
837 1231 942 1276 him
967 1237 1012 1276 to
1037 1231 1155 1290 keep
1180 1231 1315 1295 still.)

338 1317 438 1356 DE.
491 1309 861 1375 (suspiciously)
901 1309 1038 1366 Quid
1077 1309 1446 1372 Ctesiphonem
1486 1308 1571 1357 hic
1606 1309 1823 1357 narrat?
1894 1316 2000 1357 SY.

471 1389 579 1436 Nil.
651 1398 749 1437 DE.
799 1390 927 1450 Eho,
955 1390 1219 1450 carnufex,

338 1471 435 1519 Est
483 1469 732 1532 Ctesipho
778 1470 960 1518 intus?
1053 1477 1158 1517 SY.
1218 1470 1340 1518 Non
1390 1474 1482 1518 est.
1575 1478 1675 1517 DE.
1735 1469 1873 1527 Quor
1918 1468 2004 1517 hic

471 1550 749 1598 nominat?

340 1638 446 1679 SY.
495 1633 593 1680 Est
617 1631 751 1679 alius
778 1631 1004 1694 quidam,
1031 1630 1369 1693 parasitaster
1393 1629 1660 1693 pasilulus:

338 1711 575 1760 Nostin?
645 1721 744 1759 DE.
789 1712 1080 1777 (decidedly)
1120 1712 1231 1759 Iam
1271 1711 1424 1759 scibo.
1484 1711 1675 1775 (Goinq
1710 1714 1898 1759 toward
1928 1712 2006 1759 the

473 1793 661 1858 house.)
735 1799 840 1839 SY.
891 1791 1026 1849 Quid
1068 1791 1221 1853 agis?
1277 1796 1378 1854 quo
1417 1791 1570 1840 abis?
1623 1791 1872 1856 (Holdireq
1902 1793 2006 1839 him

476 1874 634 1938 back.)
707 1881 805 1919 DE.
858 1872 1014 1920 Mitte
1039 1888 1134 1919 me.
1933 1882 2007 1919 780

340 1960 446 2001 SY.
495 1953 636 2014 Noli,
675 1952 901 2015 inquam.
990 1961 1090 2000 DE.
1139 1953 1261 2000 Non
1302 1967 1513 2000 manum
1551 1952 1794 2013 abstines,
1834 1951 2006 2000 masti-

474 2033 558 2094 gia
575 2035 600 2080 ἶ)
1861 2036 1863 2039 ⁴

339 2113 426 2160 An
449 2113 548 2162 tibi
578 2113 681 2161 iam
716 2112 883 2161 mauis
920 2113 1184 2161 cerebrum
1222 2112 1515 2175 dispergam
1547 2111 1676 2160 hic?
1716 2112 1907 2176 (Opens
1930 2114 2007 2161 the

474 2197 596 2241 door
618 2196 722 2241 and
744 2209 858 2256 9063
880 2195 974 2259 in.)
1047 2200 1152 2240 SY.
1194 2193 1543 2258 (soliloquizes)
1582 2192 1723 2241 Abit.

339 2274 539 2337 Edepol
565 2274 951 2322 comissatorem
976 2273 1117 2321 haud
1142 2288 1265 2322 sane
1290 2273 1630 2334 commodum,

340 2354 655 2404 Praesertim
682 2353 1013 2417 Ctesiphoni!
1052 2353 1179 2416 quid
1203 2369 1295 2415 ego
1319 2352 1456 2401 minc
1482 2369 1629 2415 agam
1646 2355 1672 2401 ?

340 2436 475 2496 Nisi,
503 2436 625 2483 dum
649 2435 775 2483 haec
801 2435 1050 2483 silescunt
1072 2433 1268 2495 tnrbae,
1295 2434 1495 2482 interea
1517 2434 1572 2480 in
1597 2433 1843 2496 angulum
1934 2444 2006 2482 '785

341 2516 536 2579 Aliquo
562 2516 740 2564 abeam
767 2519 921 2578 atque
947 2514 1283 2563 edormiscam
1306 2514 1402 2562 hoc
1427 2513 1571 2564 uilli:
1611 2513 1683 2563 sic
1707 2528 1869 2575 agam.

1818 2592 2002 2658 (Emit.)

407 2733 490 2770 779.
519 2729 837 2778 parasitaster,
858 2742 884 2768 α
912 2741 1031 2777 sorry
1052 2732 1259 2777 parasite.
1320 2731 1405 2767 781.
1433 2727 1549 2775 Noli,
1577 2739 1634 2766 sc.
1662 2729 1997 2766 intrare—ma

340 2786 743 2836 stigia‚scounszrel.
792 2788 874 2825 783.
900 2786 1251 2831 comissatorem,
1266 2786 1371 2823 boon
1384 2785 1570 2822 reveller.
1621 2786 1704 2823 785.
1728 2782 1906 2830 turbae,
1920 2787 2007 2821 tur-

342 2845 479 2883 moils.
527 2846 612 2883 786.
640 2842 948 2889 edormiscam,
968 2844 1076 2889 sleep
1095 2845 1163 2891 off.
1178 2841 1315 2880 —hoc
1332 2840 1449 2887 uilli,
1471 2842 1555 2879 this
1572 2841 1637 2888 sip
1653 2841 1703 2887 of
1714 2841 1836 2878 wine.
