2132 3120
174 158 251 197 111.
270 159 307 196 1.
325 159 412 196 9-2.
430 156 487 206 9.]
857 153 1169 192 ADELPHOE.
1781 138 1849 190 25

177 301 392 360 Quando
427 300 619 348 uitium
660 298 960 360 oblatumst,
999 297 1139 361 quod.
1174 297 1241 345 ad
1275 295 1428 344 illum
1467 293 1660 344 attinet
1695 291 1852 357 potis-

311 397 530 442 sumum,

144 468 146 470 ’
179 462 374 523 Talem,
398 462 496 510 tali
520 461 705 524 genere
731 464 886 524 atque
913 459 1100 520 animo,
1127 458 1308 507 natum
1334 473 1399 505 ex
1423 460 1574 505 tanta
1596 454 1815 504 familia.
1864 506 1867 508 ,

179 550 278 592 so.
327 528 413 592 fta
435 542 523 606 pol
547 546 627 591 est
645 546 705 590 ut
724 540 882 590 diois:
923 540 1095 590 saluos
1115 539 1264 589 nobis
1286 539 1408 587 deos
1435 553 1628 602 quaeso
1651 535 1712 585 ut
1737 535 1850 586 siet.

880 805 887 812 ι
932 744 1013 793 So,
1052 745 1096 792 2.

184 890 298 932 Geta
314 890 480 941 having
498 900 603 930 seen
625 888 877 929 Aeschinus
898 887 1092 938 forcibly
1112 887 1278 938 seizing
1297 887 1373 927 the
1393 885 1654 938 music-girl,
1678 888 1857 925 returns

249 960 382 1000 home
402 965 449 999 to
468 958 548 999 tell
578 958 780 999 Sostrata
809 957 899 999 and
928 957 1104 998 consult
1132 957 1270 997 about
1299 957 1376 996 the
1406 967 1564 996 course
1588 955 1696 1006 they
1718 954 1858 1006 ought

251 1033 299 1070 to
319 1039 500 1080 pursue.

311 1163 492 1230 [Emer
520 1164 647 1213 Geta
670 1166 724 1211 in
746 1170 886 1227 ριν-θαι
910 1164 1047 1211 haste
1070 1165 1212 1225 from
1237 1163 1313 1210 the
1337 1161 1728 1227 marka-place]

387 1307 577 1356 GETA
781 1307 1137 1356 SosTRATA
1273 1306 1658 1355 CANTHARA

380 1389 579 1423 smwos
850 1389 1065 1422 MVLIER
1392 1387 1534 1420 Ast

188 1496 286 1538 GE.
338 1488 688 1556 (soliloquizes)
727 1490 883 1537 Nunc
919 1488 1054 1537 illud
1092 1493 1185 1550 est,
1213 1504 1384 1552 quom,
1411 1487 1457 1537 si
1482 1487 1657 1535 omnia
1681 1501 1859 1535 omnes

322 1568 416 1618 sua
438 1570 657 1618 consilia
680 1570 953 1618 conferant

189 1650 364 1714 Atque
382 1649 503 1698 huic
521 1650 660 1698 malo
679 1649 899 1699 salutem
921 1653 1188 1713 quaerant,
1210 1648 1374 1697 auxili
1392 1649 1470 1696 nil
1486 1648 1743 1709 adferant,
1788 1658 1862 1695 300

189 1730 337 1788 Quod
359 1729 592 1794 mihique
618 1745 835 1793 eraeque
860 1730 1110 1793 filiaeque
1131 1729 1312 1778 erilist.
1374 1745 1470 1777 uae
1489 1729 1679 1777 misero
1698 1729 1831 1776 mihi
1849 1731 1859 1778 1

188 1812 289 1859 Tot
313 1811 394 1860 res
418 1816 631 1874 repente
655 1810 1066 1872 circumuallant,
1094 1810 1230 1859 unde
1256 1810 1451 1872 emergi
1477 1811 1581 1858 non
1605 1814 1805 1873 potest:

189 1890 299 1952 Vis,
325 1895 543 1953 egestas,
570 1890 846 1953 iniustitia,
874 1891 1114 1952 solitudo,
1140 1891 1373 1939 infamia.

189 1971 392 2020 Hocine
417 1971 671 2020 saeclum!
709 1988 738 2020 o
763 1972 973 2034 scelera,
994 1988 1023 2020 o
1049 1987 1239 2034 genera
1262 1971 1527 2033 sacrilega,
1549 1987 1578 2019 o
1596 1971 1862 2020 hominem

322 2051 377 2099 in
416 2052 548 2101 ium!

190 2138 288 2180 ΒΟ.
342 2067 504 2197 (ciis-ide
528 2141 575 2181 to
605 2133 888 2199 Canthara)
926 2134 1015 2181 Me
1040 2132 1297 2194 miseram,
1319 2132 1448 2196 quid
1471 2148 1593 2180 nam
1618 2137 1698 2182 est
1723 2133 1863 2196 quod.

323 2212 397 2262 sio
420 2213 574 2262 uideo
598 2213 846 2262 timidum
871 2219 923 2262 et
947 2215 1314 2277 properantem
1340 2214 1529 2263 Getam
1548 2215 1573 2261 ?
1790 2224 1864 2261 305

191 2299 290 2340 GE.
343 2292 450 2358 (not
470 2302 549 2356 yet
571 2297 733 2358 seeiny
757 2295 1011 2361 Sostrata)
1050 2295 1213 2352 Quem
1238 2295 1406 2357 neque
1430 2293 1561 2343 fides
1587 2309 1754 2357 neque
1779 2292 1862 2343 ius

322 2373 600 2422 iurandum
624 2375 791 2438 neque
814 2375 967 2423 Illum
993 2375 1351 2424 misericordia

191 2453 466 2517 Repressit
515 2470 684 2518 neque
735 2455 940 2504 reflexit
990 2471 1158 2519 neque
1206 2456 1346 2519 quod
1396 2456 1578 2519 partus
1630 2455 1862 2505 instabat

323 2549 501 2598 Prope,

257 2671 343 2708 296.
378 2669 516 2719 quod:
553 2671 1070 2720 conJ'unetion.—illum,
1106 2673 1175 2710 i.e.
1213 2673 1462 2711 Aeschinus.
1530 2674 1615 2711 298.
1653 2671 1755 2719 siet,
1791 2675 1862 2711 sit.

190 2727 277 2764 301.
303 2725 522 2775 mihique:
555 2739 582 2766 a
606 2730 711 2776 good
742 2729 860 2767 slave
888 2730 1050 2777 always
1076 2730 1323 2767 considered
1352 2730 1525 2768 himself
1552 2741 1578 2768 a
1605 2731 1794 2767 member
1819 2730 1864 2767 of

191 2783 264 2821 the
290 2783 635 2832 family.-erili
653 2802 690 2816 =
708 2796 819 2823 erae.
879 2787 965 2823 302.
997 2785 1365 2832 circumuallant‚
1394 2786 1518 2824 besec.
1582 2787 1668 2824 304.
1696 2783 1866 2824 Hocine

190 2838 406 2887 saeclum,
424 2841 541 2880 what
564 2852 624 2880 an
647 2852 724 2890 aye
746 2843 784 2881 is
808 2843 924 2881 this!
982 2844 1068 2881 307.
1095 2844 1273 2891 partus,
1299 2843 1427 2881 birth.
