2132 3120
241 165 314 204 iv.
332 165 370 203 8.
395 163 466 212 (v.
487 162 543 211 1.)
567 161 692 213 1—13.]
923 161 1236 201 ADELPHOE.
1847 149 1915 203 55

710 339 789 389 Se.
828 340 873 388 8.
949 338 1143 404 [Actus
1170 339 1230 388 V.
1262 339 1338 388 Sc.
1368 339 1442 406 1.]

241 474 381 526 Syrus
400 485 550 514 comes
570 477 650 514 out
677 473 723 513 of
751 473 828 514 the
855 473 1010 523 house,
1036 472 1262 524 evidently
1284 471 1573 522 intoxicated,
1598 471 1689 512 and
1710 471 1810 512 well
1829 477 1916 512 sat-

308 542 434 584 isfied
449 542 559 584 with
578 541 773 583 himself.
835 543 1008 583 Demea
1026 546 1168 583 meets
1189 542 1283 581 him
1305 541 1395 582 and
1410 553 1644 592 expresses
1659 541 1730 582 his
1745 541 1917 593 disgust

308 612 417 654 with
436 611 513 653 the
533 611 764 653 condition
784 611 832 652 of
852 611 1003 653 affairs
1023 616 1070 652 at
1089 611 1158 652 his
1178 611 1401 652 brother's
1420 611 1575 651 house.

873 734 1056 801 [Emer
1079 733 1278 800 Syrus]

573 815 817 864 SYRvs
1312 815 1584 862 DEMEA

599 897 798 931 SERvos
1366 897 1541 930 SENEX

238 997 344 1040 SY.
387 990 738 1057 (soliloquizes)
766 991 983 1054 Edepffl,
1013 990 1235 1055 Syrisce,
1262 991 1315 1039 te
1341 990 1537 1040 curasti
1562 989 1791 1039 molliter

238 1071 508 1135 Lauteque
532 1088 723 1121 munus
749 1071 1134 1120 administrasti
1157 1076 1329 1120 tuom:

236 1152 354 1202 Abi.
427 1153 519 1202 sed
543 1157 820 1216 postquam
846 1153 988 1201 intus
1016 1169 1130 1202 sum
1156 1153 1386 1201 emnium
1412 1151 1584 1200 rerum
1610 1157 1768 1213 satur,
1841 1163 1913 1200 765

235 1233 672 1283 Prodeambulare
712 1234 814 1282 huc
856 1233 1145 1283 lubitumst.
1241 1243 1340 1282 DE.
1383 1233 1825 1299 (contemptuously
1866 1241 1913 1282 to

368 1316 629 1381 audience)
668 1314 813 1363 Illud
838 1314 909 1363 sis
933 1315 1054 1363 uide
1077 1334 1085 1362 ε

234 1396 548 1460 Exemplum
595 1395 933 1459 disciplinae!
1022 1403 1128 1444 SY.
1183 1395 1368 1462 (aside)
1419 1397 1553 1444 Ecce
1602 1400 1777 1444 autem
1822 1394 1912 1444 hic

368 1478 516 1527 adest

236 1556 404 1607 Senex
438 1559 628 1606 nester.
704 1557 774 1622 (to
799 1558 1010 1624 Demea)
1051 1557 1178 1621 quid
1207 1557 1309 1606 fit?
1347 1557 1474 1621 quid
1509 1563 1569 1606 tu
1606 1573 1659 1606 es
1696 1557 1865 1606 tristis
1885 1559 1910 1606 ?

366 1647 466 1687 DE.
519 1627 604 1687 Oh
630 1638 827 1688 scelus!

234 1725 340 1767 SY.
392 1719 503 1768 Ohe
528 1719 657 1768 iam!
695 1723 755 1767 tu
778 1719 938 1767 uerba
962 1718 1143 1768 fundis
1168 1719 1254 1767 hic
1282 1719 1567 1782 sapientia!

232 1807 332 1848 DE.
382 1801 462 1848 Tu
487 1799 534 1849 si
559 1815 705 1849 meus
735 1815 875 1848 esses
913 1838 922 1847 .
964 1838 973 1847 .
1047 1807 1153 1847 SY.
1197 1799 1528 1865 (impudently
1554 1801 1910 1866 interruptim)

367 1880 463 1930 Dis
490 1880 701 1944 quidem
728 1896 881 1942 esseS,
908 1880 1118 1942 Demea,
1839 1892 1910 1929 770

233 1960 311 2009 Ac
334 1962 479 2010 tuam
504 1977 612 2010 rem
637 1961 1041 2011 constabilisses.
1114 1970 1213 2009 DE.
1263 1962 1519 2024 Exemplo
1545 1962 1785 2011 omnibus

233 2041 479 2091 Curarem
525 2047 585 2090 ut
632 2057 785 2091 esses.
882 2049 988 2090 SY.
1038 2042 1205 2100 Quam
1253 2043 1317 2091 eb
1367 2058 1476 2090 rem
1499 2045 1524 2091 ΣΡ
1585 2043 1710 2106 quid
1758 2042 1864 2091 feci
1881 2045 1905 2091 ⁶?

365 2131 466 2170 DE.
515 2123 733 2185 Rogas?

232 2203 299 2250 In
322 2201 438 2266 ipsa
460 2204 614 2252 turba
638 2208 795 2267 atque
821 2203 876 2251 in
900 2208 1111 2267 peccato
1136 2204 1393 2265 maxumO,

232 2283 380 2341 Quod
402 2283 495 2332 uix
519 2285 756 2333 sedatum
782 2285 908 2334 satis
935 2290 1029 2346 est,
1057 2285 1267 2348 potasti,
1295 2285 1478 2346 sceIUS‚

231 2364 391 2422 Quasi
427 2365 481 2413 re
516 2365 645 2414 bene
683 2370 841 2427 gesta.
915 2373 1020 2413 SY.
1063 2366 1247 2432 (aeide)
1291 2366 1424 2415 Sane
1460 2365 1654 2414 nollem
1680 2366 1780 2414 huc
1807 2366 1909 2414 exi-

364 2449 490 2494 tum.
1836 2459 1907 2495 775

298 2568 383 2606 763.
407 2566 601 2616 Syrisce:
631 2579 657 2606 a
683 2572 793 2607 term
818 2569 864 2607 of
889 2570 1179 2607 endearment.
1241 2571 1325 2607 764.
1353 2578 1531 2615 munus,
1555 2569 1623 2607 i.e.
1649 2570 1795 2617 eating
1821 2571 1906 2608 and

230 2623 448 2672 drinking.
509 2626 593 2663 765.
623 2623 719 2670 Abi,
747 2627 868 2672 qood.
928 2628 1011 2664 766.
1037 2625 1432 2671 Prodeambulare,
1462 2631 1502 2663 to
1534 2626 1630 2664 take
1663 2638 1689 2663 α
1716 2627 1842 2665 walle.
1862 2649 1907 2654 —

231 2678 295 2718 sis
317 2697 354 2711 =
376 2682 415 2718 si
440 2682 518 2719 vis.
579 2683 664 2719 769.
693 2680 779 2720 Ohe
804 2680 910 2727 iam,
939 2694 996 2720 sc.
1027 2684 1184 2720 desine.
1203 2681 1503 2730 —sapientia‚
1527 2683 1635 2720 “old
1659 2684 1903 2722 wiseacre.'’

230 2738 316 2775 770.
343 2735 433 2783 Dis,
452 2737 647 2785 wealthy.
697 2740 781 2776 773.
809 2741 1009 2785 peccato,
1029 2740 1097 2776 i.e.
1120 2740 1371 2777 Aeschiuus'
1392 2740 1574 2778 conduct
1594 2741 1758 2778 toward
1786 2742 1907 2779 Pam-

230 2793 361 2841 phila.
427 2795 513 2832 774.
548 2793 770 2841 sedatum,
812 2796 973 2834 settled.
1040 2797 1124 2834 775.
1161 2795 1329 2838 nollem
1351 2825 1358 2832 .
1382 2825 1389 2833 .
1415 2825 1422 2832 .
1444 2795 1631 2842 exitum,
1668 2798 1696 2834 I
1734 2798 1838 2835 202⁰th
1881 2799 1906 2835 1

230 2849 383 2888 hadn’c
409 2861 522 2888 come
549 2856 621 2889 out
647 2852 755 2889 here.
